1652 2615
250 221 334 260 Quae
356 218 470 252 nobilis
493 218 616 250 loculus

290 267 457 300 Praevisus
481 266 638 298 manebat.

190 325 221 356 5.
246 323 299 355 Ad
323 323 383 353 hoc
405 321 593 359 multiplicia

292 369 380 401 Cives
404 367 594 399 induxerunt

243 415 418 453 Martyrum
444 412 599 454 suffragia,

290 461 392 499 Quare
416 459 652 491 transtulerunt.

171 518 210 549 R.
240 517 264 549 O
289 519 398 554 stupor
423 517 454 545 et
477 513 633 554 gaudium,

286 563 372 594 Odor
396 564 501 592 tantus
526 561 655 600 prodiit,

240 609 297 648 Qui
322 608 418 640 corda
441 606 578 639 fidelium

283 654 475 687 intrinsecus
499 652 587 684 feriit

234 702 278 733 Et
302 701 399 734 corda
424 700 572 732 debilium

286 746 437 785 Sospitati
457 746 579 785 tribuit,

169 796 207 827 V.
233 795 278 827 Ut
300 793 464 833 probatica
485 793 609 832 piscina

239 841 354 872 Factus
380 840 498 870 cunctis
523 839 681 870 medicina

283 885 518 925 Languentibus
543 884 655 917 adfuit.

348 958 393 985 Ad
413 957 589 994 Magnificat.

177 1018 215 1048 A.
245 1016 270 1047 O
295 1018 428 1054 quantus
453 1016 569 1047 clamor
593 1016 712 1055 populi,

284 1062 405 1100 Quanta
429 1061 506 1092 cleri
529 1062 659 1102 laetitia,

241 1107 387 1139 Gaudent
412 1116 501 1139 senes
528 1111 559 1137 et
582 1108 715 1149 parvuli,

283 1153 405 1184 Ferunt
426 1153 555 1185 laudum
578 1153 746 1192 praeconia

239 1200 325 1231 Mira
350 1199 389 1230 de
413 1208 502 1231 sacro
527 1200 639 1231 tumuli

282 1246 462 1277 Prodeante
486 1244 667 1285 fragrantia.

302 1337 362 1369 Ad
385 1338 647 1370 Matutinum.

364 1410 576 1437 invitatorium.

240 1466 366 1498 Adsunt
388 1466 551 1499 sollemnia

285 1513 521 1552 Translationis,

240 1560 332 1590 Mens
359 1559 411 1590 det
434 1559 569 1598 insignia

284 1605 478 1638 Devotionis.

298 1699 357 1730 Ad
383 1698 653 1732 Nocturnum.

384 1771 576 1806 Antiphonae.

190 1831 221 1861 1.
246 1828 300 1868 lli,
328 1827 380 1867 qui
406 1829 485 1859 dono
510 1827 629 1867 gratiae

292 1874 391 1905 Nobis
416 1875 596 1913 illuxerunt,

248 1921 336 1960 Sunt,
363 1921 414 1959 qui
439 1921 638 1959 pestilentiae

289 1966 372 1998 Sede
392 1976 454 1999 non
478 1968 636 1999 sederunt.

189 2025 220 2057 2.
245 2024 334 2055 Vere
358 2022 418 2054 Dei
442 2021 524 2053 filius

295 2069 361 2101 Nos
386 2068 606 2109 magnificavit,

245 2116 314 2148 Hos
337 2115 428 2147 nobis
452 2115 608 2155 propitius

294 2162 370 2194 Cum
394 2161 582 2194 mirificavit.

191 2222 222 2253 3.
248 2219 363 2251 Contra
386 2218 470 2249 viros
495 2217 676 2258 sanguinum

288 2266 334 2298 Hi
357 2268 431 2297 sunt
451 2264 542 2296 nobis
568 2264 633 2297 dati

243 2313 286 2345 Et
310 2313 342 2343 in
365 2320 453 2344 arma
478 2312 660 2343 daemonum

290 2360 411 2392 Milites
435 2359 570 2399 probati.

784 121 851 157 218
900 140 946 148 ——

1049 218 1253 254 Responsoria.

857 274 886 306 1.
911 274 1027 314 Fulget
1050 275 1173 307 Salerni
1198 276 1309 307 civitas

959 321 1072 353 Tribus
1096 322 1231 354 lustrata
1253 322 1363 359 radiis,

913 369 1009 404 (guam
1034 368 1219 399 immortalis
1242 369 1344 406 pietas

956 413 1159 451 Dignificavit
1184 414 1279 445 variis

955 459 1142 498 Magnisque
1166 459 1338 499 prodigii53

840 503 876 534 V.
904 505 1002 536 Recte
1025 515 1088 537 non
1115 514 1147 538 es
1171 506 1304 538 minima

908 553 996 584 Inter
1018 553 1128 584 mundi
1154 552 1271 584 lumina

955 599 1016 630 Tot
1040 598 1241 631 circumfulta
1262 599 1395 639 gaudiis,

853 663 883 695 2.
908 664 947 695 In
972 663 1077 695 odoris

954 711 1036 741 mira
1058 710 1244 750 fragrantia,

909 758 1004 796 Quam
1031 757 1169 788 ostendit

957 803 1075 835 Christi
1100 804 1275 846 clementia,

908 849 990 880 Dum
1014 850 1173 889 sepulchri

955 894 1142 935 franguntur
1166 897 1313 937 tegmina,

908 941 1100 974 Catervatim

955 988 1089 1020 ruebant
1111 990 1244 1029 agmina.

839 1035 878 1067 V.
911 1035 935 1067 Ο
960 1036 1040 1067 mira
1065 1037 1213 1079 suavitas,

910 1081 1012 1113 Datur
1036 1083 1139 1122 aegris
1162 1082 1282 1114 sanitas

953 1127 1015 1159 Per
1038 1128 1116 1160 haec
1139 1129 1202 1160 tria
1224 1129 1351 1163 lumina.

1017 1267 1075 1299 Ad
1099 1267 1274 1302 Laudes.

1048 1341 1240 1376 Antiphonae.

853 1398 881 1428 1.
908 1396 1008 1428 Adest
1033 1397 1100 1429 dies
1123 1398 1275 1440 laetitiae,

954 1444 993 1475 In
1017 1453 1076 1483 quo
1103 1445 1228 1476 Salerni
1253 1446 1374 1477 civibus

907 1490 1004 1521 Luxit
1029 1491 1181 1530 Christus,
1208 1499 1264 1522 rex
1288 1493 1418 1532 gloriae,

955 1536 1070 1567 Tribus
1098 1537 1178 1568 datis
1203 1539 1407 1578 martyribus,

851 1604 883 1633 2.
909 1601 1040 1633 Gemma
1062 1602 1180 1641 triplex
1204 1603 1392 1635 abscondita

954 1647 1112 1687 Despecto
1136 1649 1238 1680 latens
1262 1650 1375 1690 loculo,

910 1694 981 1726 Jam
1008 1697 1056 1726 est
1078 1694 1201 1727 Salerni
1226 1696 1353 1728 condita

955 1741 1126 1780 Multiplici
1149 1742 1312 1775 miraculo.

855 1808 886 1839 3.
910 1806 1078 1839 Sacrorum
1101 1807 1208 1846 glebas
1235 1815 1401 1848 corporum

958 1853 1060 1885 Mirus
1085 1853 1163 1885 odor
1186 1856 1385 1898 monstravit,

913 1900 995 1938 Quas
1017 1901 1262 1940 praecedentum
1283 1904 1459 1941 temporum

960 1946 1118 1980 Decursus
1143 1948 1321 1983 occultavit.

856 2013 887 2044 4.
913 2011 1001 2044 Haec
1022 2016 1173 2051 superant
1197 2011 1403 2052 fragrantiam

960 2058 1073 2090 Odoris
1096 2063 1323 2099 unguentorum

914 2105 982 2136 Nec
1005 2105 1157 2137 minorem
1181 2104 1391 2145 frequentiam

962 2151 1112 2184 Reddunt
1139 2152 1364 2192 prodigiorum.

859 2219 890 2251 5,
916 2217 953 2249 ln
977 2217 1124 2256 passione
1147 2218 1248 2250 socios

961 2263 1056 2303 Capit
1077 2264 1140 2296 loci
1163 2265 1277 2307 unitas,

915 2310 997 2349 Quos
1022 2309 1085 2342 fide
1109 2320 1171 2343 non
1193 2312 1296 2344 varios

962 2358 1074 2390 Junxit
1099 2357 1216 2390 Christi
1242 2361 1365 2395 caritas
