1652 2615
186 405 213 436 l.

182 693 214 723 2.

178 1748 215 1779 R.

690 122 942 154 —rsoq—

580 210 621 242 41.
652 209 696 241 De
717 209 931 249 compassione
950 208 1037 239 BMV.

302 283 348 315 In
377 283 405 316 1.
431 284 538 321 Vesp
551 281 646 313 eris.

373 347 565 382 Antiplionae.

242 404 316 436 sion
342 406 460 444 sancta,
487 401 655 441 gratulare,

241 450 361 483 Christi
382 453 514 480 matrem
539 455 690 479 venerare

288 496 498 535 Symphoniae
522 494 652 529 cantico,

240 541 321 574 Nam
346 541 498 574 transfixa
524 548 598 572 ense
623 540 702 578 diro,

240 588 322 620 Dum
349 589 489 620 adstaret
515 590 602 627 gestu
628 587 706 618 miro

286 636 383 667 Passo
410 643 504 667 carne
528 634 672 665 Domino.

239 690 357 731 Mente,
383 694 464 732 actu,

286 747 343 769 usu
369 738 504 775 elimina,

240 784 326 823 Jesu,
351 792 408 824 per
431 793 489 816 nos

289 833 449 862 contracta
474 830 614 869 crimina,

242 876 414 909 Jubilizent

285 926 321 954 ut
345 926 454 955 nostra
478 924 603 954 corcula

241 969 328 1001 Dura
351 972 423 1001 tuae

288 1017 429 1054 parentis
454 1015 593 1048 vulnera.

210 1096 216 1103 .
244 1071 323 1103 Sunt
350 1080 456 1102 nmero
482 1070 644 1109 Simeonis,

291 1117 428 1156 perditio
451 1117 635 1155 duodennis,

242 1163 331 1203 Fuga
355 1164 491 1196 Herodis

289 1212 384 1250 caput
396 1210 514 1249 probri,
530 1211 616 1249 virgo
628 1210 785 1248 perennis.

243 1267 356 1298 Omnes
369 1269 486 1308 gentes,
500 1264 609 1296 fientes
619 1267 788 1304 properate

243 1312 349 1344 Flenti
358 1312 480 1343 Mariae
494 1312 640 1350 hymnum
651 1314 786 1350 cantate,

245 1357 325 1390 Nam
351 1359 476 1390 sustulit
500 1358 637 1390 ludibria

245 1407 275 1436 A
300 1408 391 1444 gente
416 1405 508 1436 nimis
531 1404 637 1444 impia.

211 1486 216 1492 .
244 1460 319 1492 Sion
345 1463 376 1491 et
398 1460 595 1491 Hierusalem

293 1506 434 1538 Christus
460 1505 657 1546 confortavit,

244 1553 326 1585 Dum
350 1554 384 1584 in
409 1561 500 1584 cruce
524 1554 660 1585 nudulus

292 1600 405 1632 Orcum
430 1601 592 1642 reseravit,

242 1646 362 1678 Jubilet
386 1647 537 1678 altissimo

244 1693 350 1725 Omnis
376 1701 447 1733 ergo
472 1694 568 1725 natio.

251 1749 350 1781 Stella
375 1749 479 1785 maris,
507 1748 653 1780 candoris
679 1749 766 1787 ebur,

292 1795 452 1834 speculum
477 1795 629 1835 paradisi,

245 1843 329 1874 Fons
355 1842 471 1884 veniae,
501 1842 579 1873 caeli
601 1842 706 1882 janua,

292 1896 310 1919 o
338 1889 426 1928 virgo
450 1888 567 1927 Maria,

249 1936 311 1967 Ore
335 1933 435 1973 favus,
464 1935 559 1966 corde

293 1981 408 2022 lumen,
434 1981 467 2012 in
492 1990 568 2012 aure
589 1981 697 2021 melos,

245 2027 324 2059 Esto
349 2035 467 2058 memor
491 2036 659 2059 memorum

298 2076 421 2106 tuorum
449 2075 697 2114 opprobriorum.

363 2156 406 2185 Ad
426 2156 602 2193 Magnificat.

210 2240 216 2247 .
245 2214 362 2247 Matris
386 2214 428 2245 ad
452 2213 550 2246 filium

294 2261 459 2301 Nunquam
486 2264 553 2292 erat
577 2261 650 2294 talis

245 2309 393 2342 Caritatis
418 2308 501 2348 unio,

291 2356 338 2389 Ut
362 2355 490 2396 virginis
516 2355 630 2396 regalis

912 277 965 309 Ad
991 277 1117 316 Jesum3
1144 277 1260 315 probat
1282 277 1341 309 hoc

958 323 1165 355 indi-vidualis

914 369 1064 409 Cognatio
1091 369 1194 400 carnis

958 416 1101 454 stolaque
1124 415 1241 456 totalis,

911 461 1057 494 Suavitas
1081 461 1204 502 affatus,

912 507 1050 541 Nullitas
1075 509 1199 546 reatus3

912 554 983 587 Non
1013 557 1061 587 est
1086 555 1167 586 alter
1192 562 1265 594 ergo
1292 554 1366 585 talis

912 601 1001 633 Sicut
1026 601 1116 633 dolor
1141 600 1315 641 virginalis

934 687 998 718 Ad
1024 685 1364 726 Completorium,

996 749 1041 778 Ad
1061 750 1147 777 Nunc
1167 749 1299 776 dimittis.

842 799 880 829 A.
910 798 1004 830 Nune
1029 798 1177 833 dimittas,
1203 797 1348 838 Domine,

959 845 1024 877 Nos
1050 843 1183 877 famulos
1208 845 1241 875 in
1267 853 1347 883 pace

912 892 961 923 Ao
982 891 1099 932 ,iugiter
1123 890 1282 922 illumines

961 938 1110 970 Caritatis
1136 935 1215 976 face,

911 984 956 1016 Ut
980 992 1139 1016 versemus
1164 984 1312 1015 lacrimas

958 1031 1082 1063 Mariae
1108 1030 1282 1063 dolorosas

968 1107 1029 1138 Ad
1053 1106 1319 1139 Matutinum.

1041 1166 1256 1193 Invitatorium,

913 1213 1010 1246 Senes
1035 1215 1065 1243 θ’(
1086 1214 1228 1252 juvenes,

961 1260 1081 1291 alacres
1106 1259 1221 1298 venite,

915 1305 1051 1345 Virginis
1076 1314 1208 1345 angores

962 1351 1109 1384 cordibus
1132 1353 1267 1391 haurite,

913 1398 1088 1430 Ferventer
1111 1400 1246 1439 plorate,

914 1444 1072 1478 Christum
1097 1446 1240 1478 adorate.

976 1530 1020 1561 In
1051 1530 1079 1562 1.
1106 1530 1332 1564 Nocturno.

1057 1588 1250 1625 Anfiphonae.

884 1673 889 1678 .
915 1645 1043 1685 Regalis
1069 1646 1156 1686 virgo
1181 1647 1314 1679 Davidis

916 1692 960 1724 Et
982 1694 1083 1724 mater
1107 1694 1302 1726 admirabilis

917 1738 1111 1771 Contremuit
1136 1741 1233 1772 corde
1257 1741 1409 1782 lugubris,

915 1785 999 1818 Dum
1035 1786 1127 1818 datur
1152 1787 1296 1820 Christus
1319 1788 1462 1828 perfidis„

885 1870 891 1877 .
920 1841 1013 1875 Cedit
1034 1851 1095 1873 vox
1119 1846 1213 1882 atque
1234 1852 1354 1884 sensus,

915 1887 997 1920 Dum
1024 1890 1116 1922 Jesus
1140 1892 1355 1929 apprehensus

918 1934 1091 1967 Nuntiatur
1115 1937 1231 1976 virgini

918 1981 980 2013 Pro
1005 1985 1095 2014 reatu
1120 1984 1238 2022 populi.

886 2063 893 2070 .
920 2038 1090 2070 Tractatur
1114 2039 1172 2071 Dei
1199 2039 1283 2072 filius

918 2086 1027 2126 Longe
1051 2085 1175 2118 latrone
1199 2088 1304 2131 vilius,

922 2131 1036 2173 Gemit,
1062 2133 1168 2171 plorat
1190 2137 1292 2168 mater
1317 2138 1413 2179 mitiS‚

920 2178 1041 2212 Crescit
1064 2179 1125 2211 sibi
1149 2183 1258 2214 mortis
1284 2184 1363 2219 sitis,

1055 2253 1259 2290 Responsoria.

887 2337 893 2344 ,
921 2309 970 2343 Sit
995 2311 1099 2342 cordis
1127 2312 1317 2346 desiderium

919 2357 964 2390 Et
988 2366 1094 2390 comae
1119 2358 1319 2402 refrigerium
