1652 2615
682 163 721 171 α.-

226 246 319 276 Anna
341 247 449 276 sancta
471 241 597 283 peperit

276 290 390 322 Natam
414 290 610 327 sanctiorem,

229 336 291 368 Sed
315 338 390 368 nata
414 337 453 368 de
476 344 510 367 se
534 335 641 374 genuit

275 382 422 414 Omnibus
441 382 599 420 majorem.

228 463 366 496 Infertur
390 465 478 495 annis
504 463 628 502 teneris,

227 512 290 550 Quo
315 510 371 542 fiat
396 510 498 541 cuncti
521 511 644 549 generis

271 556 445 588 Virtutibus
469 556 598 595 imbuta,

225 603 387 642 Temporis
414 603 567 634 curriculo

226 650 284 680 Dei
309 649 495 681 adminiculo

271 695 393 727 Literas
417 696 575 729 adsecuta.

225 742 313 773 Haec
337 744 393 781 est,
420 750 497 781 quae
523 742 690 780 complevit

271 789 460 828 Prophetiae
481 790 644 820 veritatem

227 835 414 875 omnemque
439 835 555 867 delevit

272 878 424 924 [Peccati]
449 882 646 920 pravitatem.

194 992 200 997 .
226 966 261 996 In
287 966 451 1004 scripturis
476 965 532 996 sub
558 965 665 1005 figuris

225 1012 450 1043 Percunctatur
475 1020 513 1042 ac
535 1013 667 1043 miratur

273 1058 430 1097 Virginem
454 1059 637 1098 parituram,

225 1103 272 1134 De
298 1113 357 1142 quo
383 1108 480 1146 certa,
506 1114 576 1136 mox
602 1107 742 1144 experta,

224 1149 306 1180 Dum
332 1152 497 1189 consensit,
522 1151 605 1182 intus
630 1152 730 1182 sensit

273 1197 312 1227 Se
337 1197 436 1228 Deum
462 1197 645 1236 genituram.

228 1243 386 1282 Quomodo
412 1242 473 1285 fiet,
500 1244 650 1282 inquiens,

274 1289 349 1321 Cum
367 1289 467 1320 virum
483 1298 544 1320 non
560 1291 765 1330 cognoverim,

225 1335 288 1366 Sed
312 1335 377 1366 Deo
402 1344 480 1374 pure
503 1337 643 1368 serviens

271 1381 451 1412 Castitatem
477 1383 624 1414 voverim.

311 1530 355 1560 In
381 1530 605 1562 Laudibus.

362 1612 553 1648 Antiphonae.

170 1687 200 1719 1.
227 1688 260 1718 ln
287 1688 402 1727 templo
427 1692 645 1728 praesentatur

272 1734 384 1766 lnduta
404 1735 468 1773 jam
496 1736 616 1775 decore,

226 1780 291 1818 Quo
316 1781 383 1819 ejus
408 1783 577 1814 collocatur

271 1826 361 1858 Nunc
385 1828 475 1859 sedes
499 1829 531 1859 in
556 1829 679 1863 honore.

169 1910 202 1942 2.
228 1909 343 1941 Salutis
366 1915 439 1942 sunt
462 1912 552 1943 initia

270 1955 306 1987 In
329 1958 445 1995 templo
469 1959 654 1999 praelibata,

224 2002 301 2033 Cum
324 2002 391 2034 Deo
414 2004 447 2035 in
471 2005 592 2037 laetitia

270 2048 358 2079 Haec
382 2050 479 2081 servit
501 2051 632 2085 illibata.

771 144 816 182 88

868 163 909 174 adn-¹

841 242 872 274 3.
898 240 949 273 Ad
975 245 1007 273 te
1033 240 1072 273 de
1092 241 1164 274 iuce
1190 241 1299 283 vigi-lat

944 289 1044 320 Stella
1068 290 1230 329 matutina,

896 333 1009 375 Maria,
1036 343 1116 373 quae
1140 344 1197 365 nos
1224 335 1341 374 dirigat

944 379 1079 412 Servans
1105 390 1124 412 a
1148 381 1248 413 ruina,

836 445 868 475 4.
893 443 1077 475 Benedicite
1101 444 1239 483 Domini,

941 489 1003 520 Tot
1029 490 1163 528 virgines
1189 492 1221 520 et
1243 492 1360 528 tantae,

897 535 1086 574 Conjunetus
1111 535 1163 575 qui
1190 539 1238 567 est
1259 536 1377 568 homini

941 582 1072 622 Virgine
1095 582 1263 614 mediante.

895 647 1019 679 Laudet
1043 648 1141 679 omnis
1168 650 1312 679 creatura

940 693 1040 724 Deum
1065 692 1233 734 indefessa,

894 741 970 774 Cum
997 742 1096 771 mater
1119 740 1179 772 Dei
1205 740 1311 773 futura

940 787 1105 826 Templum
1129 790 1177 819 est
1200 788 1353 828 ingressa.

838 649 868 680 ¹25(

1003 878 1049 907 Ad
1067 878 1250 907 Benedictus.

894 935 989 975 Virgo
1014 937 1045 967 in
1071 936 1216 967 castitate

939 981 983 1012 Et
1005 983 1161 1014 munditia

987 1030 1056 1061 Hoc
1079 1029 1112 1060 in
1130 1031 1247 1069 templo
1273 1030 1437 1071 habitavit,

895 1074 958 1108 Ubi
983 1076 1014 1106 in
1041 1077 1208 1108 sanctitate

940 1121 983 1153 Et
1004 1122 1128 1160 justitia

988 1168 1098 1199 Coram
1123 1170 1192 1208 ipso
1217 1170 1420 1204 ministravit,

892 1215 978 1253 Quae
1000 1215 1033 1246 in
1057 1216 1245 1248 necessitate

941 1261 983 1291 Εἰ
1008 1260 1139 1292 tristitia

988 1307 1080 1338 Nunc
1104 1308 1250 1340 sedentes
1274 1310 1437 1349 relevavit,

893 1352 977 1384 Dum
1005 1354 1100 1392 plena
1125 1355 1258 1387 veritate

941 1401 1046 1442 Atque
1070 1401 1173 1440 gratia

987 1446 1087 1478 Nobis
1112 1449 1194 1479 viam
1219 1451 1391 1489 generavit.

956 1585 1002 1616 In
1029 1587 1060 1618 2.
1086 1587 1304 1627 Vesperis.

1012 1667 1056 1695 Ad
1074 1669 1250 1705 Magnificat.

855 1755 862 1762 .
893 1733 951 1771 Qui
977 1735 1122 1766 exaltasti
1145 1736 1278 1768 humiles

937 1779 1140 1821 'Deponisque
1162 1787 1319 1825 potentes,

893 1826 957 1857 Nos
982 1829 1113 1860 miseros
1138 1832 1169 1861 et
1194 1829 1323 1871 fragiles

938 1873 1108 1905 Humiliter
1132 1880 1297 1915 poscentes

895 1919 1017 1951 Mariae
1040 1929 1099 1960 pro
1126 1923 1292 1955 clementia

939 1965 1121 1999 Misericors
1143 1971 1268 2011 exaudi,

891 2011 936 2043 Ut
960 2014 1014 2044 tua
1036 2013 1068 2044 in
1093 2018 1273 2053 praesentia-

940 2057 1027 2090 Caeli
1049 2060 1216 2101 jungamur
1241 2064 1339 2098 laudi.

231 2151 312 2177 Brev.
334 2150 479 2179 Verdense
499 2153 566 2186 imp.
587 2162 609 2180 s.
630 2154 648 2180 1.
672 2153 751 2183 1480.
774 2172 810 2177 —
829 2157 871 2185 In
893 2158 917 2186 1.
938 2159 964 2186 N
972 2163 1038 2188 oet.
1060 2158 1080 2186 R
1102 2160 1132 2193 2,
1155 2160 1172 2188 2
1192 2166 1379 2200 applicatum¹
1402 2184 1438 2189 —

150 2186 191 2214 In
211 2185 237 2212 2.
258 2188 359 2214 Noct.
382 2185 401 2213 R
423 2186 448 2221 2,
469 2187 487 2216 3
509 2189 583 2217 Huic·
604 2192 695 2227 virgo.
715 2207 751 2211 —-
766 2194 806 2221 In
826 2192 852 2222 3.
873 2197 970 2224 Noct.
995 2196 1014 2223 R
1036 2195 1061 2232 3,
1083 2198 1099 2225 ’7
1119 2199 1169 2227 fiet
1189 2201 1275 2230 istud.

1293 2219 1327 2223 -
1343 2206 1437 2235 Hiezu

150 2224 197 2251 die
218 2224 365 2259 llymnen:
391 2225 572 2261 Exultando,
600 2232 702 2262 mater,
731 2232 823 2266 gaude
849 2231 942 2266 (Anal.
963 2235 1075 2268 XXIII,
1098 2235 1156 2271 64);
1183 2238 1250 2267 Jam
1276 2240 1337 2269 dies
1363 2245 1439 2273 redit

156 2270 252 2289 annua
270 2260 363 2295 (Anal.
384 2263 435 2296 XI,
452 2262 507 2299 45).
546 2265 635 2293 Laeto
656 2267 776 2302 plaudat
796 2271 934 2306 obsequio
955 2271 1048 2306 (Anal.
1069 2274 1119 2307 XI,
1140 2273 1195 2309 45).
