1652 2615
700 125 955 160 *134*

313 222 371 255 Ad
394 222 450 254 No
464 224 662 254 cturnum.

392 286 586 323 Antiphonae.

200 343 230 376 1.
255 343 346 374 Jesus
372 344 444 374 dum
467 345 558 374 nocte
584 342 717 382 capitur,

254 389 298 421 Ut
320 391 400 421 latro
425 389 516 421 ferox
538 388 669 427 rapitur,

301 436 361 467 Cor
385 436 493 467 matris
517 435 682 475 laceratur,

253 483 390 520 vellunt,
414 482 534 520 pellunt
560 481 706 518 atrocius,

251 528 403 560 Mactant.
428 530 567 559 tractant
591 526 736 568 ferocius,

297 574 400 606 Maria
423 575 617 606 vulneratur.

195 633 225 663 2.
253 630 470 662 Verberabant
495 630 583 661 divas
607 639 701 669 genas

251 677 293 708 Et
318 677 548 715 colaphizantes
572 685 689 716 poenas

297 722 447 762 infligunt
471 723 683 762 atrocissim03

253 770 349 801 Tacet
373 773 482 811 mater,
510 770 610 802 dulcis
633 774 724 801 natus

253 816 441 855 Quamquam
467 817 548 848 male
572 818 612 848 sit
631 819 793 855 tractatus,

297 863 436 895 Ferebat
460 865 536 895 haec
559 864 774 896 maestissime.

195 921 225 952 3.
252 919 384 950 Maxilla
407 928 510 959 pugno
536 920 686 961 caeditur,

254 965 320 995 Nec
337 967 444 996 Annas
469 970 572 997 mente
592 967 739 1005 laeditur,

300 1012 495 1050 Compatltur
517 1013 638 1051 Μυίας

251 1058 303 1089 Ad
329 1058 477 1097 Caipham
505 1059 681 1095 deducitur,

252 1104 281 1134 A
305 1105 397 1145 longe
421 1106 532 1137 Petrus
556 1106 697 1145 sequitur

300 1151 450 1183 Gemente
474 1155 572 1183 matre
596 1152 659 1191 pia.

391 1226 594 1260 Responsoria.

201 1275 229 1306 1.
256 1273 316 1310 En,
344 1275 452 1312 pastor
477 1272 548 1304 dum
573 1273 741 1310 invaditur,

258 1320 286 1349 A
311 1320 395 1351 Juda
416 1319 500 1357 lupis
521 1319 669 1358 traditur,

304 1365 444 1404 Ovesque
468 1364 541 1404 fuga
565 1365 683 1406 labant,

257 1412 280 1443 O
307 1413 404 1451 virgo,
429 1415 503 1442 tunc
525 1412 666 1443 anxietas

256 1457 381 1489 Dolor-is
406 1461 436 1488 et
460 1458 603 1489 nimietas

305 1504 365 1535 Cor
389 1508 476 1534 tuum
499 1503 712 1542 perforabant.

186 1552 222 1582 V.
249 1551 404 1583 Tor-calar
427 1550 548 1582 calcavi
571 1550 674 1587 solus,
707 1554 736 1583 et
760 1551 797 1582 de

252 1597 399 1640 yenh'bus
421 1607 485 1628 mm
511 1600 578 1628 erat
595 1597 645 1628 vir
662 1607 795 1630 mecum.

197 1655 226 1684 2.
251 1653 274 1684 O
300 1657 408 1694 mater,
437 1653 492 1684 das
515 1653 659 1692 suspiria,

253 1698 408 1739 Affligunt
433 1708 486 1730 cor
509 1700 670 1739 martyria,

297 1745 380 1776 Dum
403 1747 550 1784 proditur
573 1747 619 1777 sic
642 1747 745 1784 Jesus,

252 1792 386 1824 Ducitur
411 1793 532 1824 vinctus
555 1791 680 1824 fortiter

250 1839 375 1871 Foedus
401 1848 438 1869 ac
460 1843 571 1879 sputus
595 1839 711 1879 viliter,

298 1886 459 1917 Atrociter
482 1888 529 1917 est
554 1894 671 1918 caesus.

184 1933 221 1965 V.
246 1931 376 1963 Faciem
407 1941 511 1963 meam
543 1942 610 1964 non
631 1934 731 1965 averti
754 1934 793 1967 ab

253 1978 488 2017 increpantibus
524 1983 553 2011 et
593 1981 794 2019 conspuenti-

250 2024 307 2057 bus
333 2025 365 2057 1¹7².
389 2034 448 2057 me.

195 2082 225 2113 3.
251 2080 314 2112 Ter
337 2089 427 2112 voces
453 2082 539 2113 Petri
561 2082 651 2113 illum
667 2085 793 2122 negant,

250 2127 277 2159 T
279 2130 422 2167 estesque
456 2127 554 2167 falsa,
588 2129 681 2167 heus,
716 2129 792 2160 alle—

570 2178 654 2215 gant,

299 2221 383 2259 Quae
404 2221 474 2260 ipse
498 2220 562 2253 fert
583 2222 752 2263 humiliter,

248 2268 311 2301 Per
334 2268 435 2300 Deum
458 2268 601 2308 pontifex
625 2269 761 2309 adjurat,

248 2314 303 2347 Nil
319 2319 406 2347 tuum
422 2320 538 2358 natum,
565 2320 674 2356 mater,
694 2320 792 2356 curat,

294 2362 357 2395 Sed
383 2366 520 2395 tractant
545 2372 614 2395 eum
637 2364 755 2396 viliter.

854 222 891 255 V.
921 221 1043 261 C‘omms
1068 232 1174 254 meum
1197 224 1271 256 <ierit
1287 221 1470 263 percutien-

922 269 1005 348 ἔτ’-ἷζε
1037 272 1066 301 et
1094 279 1193 308 ymas
1217 279 1306 302 meas
1331 266 1470 300 mellenti-

1025 427 1087 457 Ad
1113 425 1290 458 Laudes,

1059 498 1254 533 Antiphonae.

865 556 895 589 1.
922 556 1015 587 Jesus
1040 555 1143 587 Pilato
1169 555 1317 596 traditur,

920 601 995 641 Quis
1019 602 1131 633 videns
1155 611 1216 634 non
1241 601 1433 641 turbabitur,

967 647 1076 680 Justus
1102 649 1174 679 dum
1199 649 1391 680 accusatur?

921 695 1049 726 Herode
1072 697 1158 726 lusus
1183 696 1353 735 spernitur,

921 742 1054 773 Tractus
1080 744 1114 773 in
1139 746 1225 773 terra
1248 743 1412 782 sternitur,

966 789 1020 821 Sic
1042 790 1130 828 virgo
1157 789 1327 823 desolatur.

865 855 895 885 2.
923 854 1073 893 Flagellis
1098 863 1193 886 saeve
1219 855 1372 893 caeditur,

923 901 1024 940 Caput
1049 910 1163 933 corona
1186 902 1333 941 laeditur,

966 946 1076 978 Jesum
1100 951 1133 978 ut
1157 948 1290 979 stultum
1313 949 1430 988 rident,

923 993 998 1025 Cum
1023 1003 1042 1025 a
1065 998 1213 1034 praetore
1238 996 1381 1027 educitur

920 1041 963 1072 Et
991 1049 1084 1082 „ecce
1107 1039 1218 1073 homo‘⁴
1247 1042 1371 1084 dicitur,

966 1087 1056 1118 Tunc,
1067 1092 1200 1119 matrem
1211 1086 1339 1120 flentem
1347 1089 1468 1121 vident.

866 1153 897 1184 3.
924 1153 1126 1184 vestimentis
1150 1154 1313 1194 spoliatur,

920 1199 1014 1231 Cruci
1035 1199 1140 1231 nudus
1163 1200 1344 1232 aec-lavatur

969 1245 1004 1277 In
1030 1249 1143 1286 monte,
1171 1247 1241 1284 heu,
1269 1247 1450 1288 Calvariae3

923 1291 1112 1324 Crucifixum
1137 1294 1324 1334 adspexisti,

922 1339 1022 1369 Tuum
1047 1342 1154 1370 natum
1180 1340 1253 1371 dum
1276 1341 1398 1372 scivisti

969 1385 1133 1426 Torqueri,
1158 1390 1270 1429 mater,
1296 1388 1393 1420 varie.

867 1451 898 1481 4.
924 1450 1021 1482 Juxta
1046 1459 1169 1482 crucem
1190 1455 1325 1484 stantem

919 1496 964 1527 Tc
988 1497 1078 1528 nobis
1103 1498 1157 1529 dat
1181 1501 1382 1542 genetricem,

920 1542 1004 1574 Dum
1029 1544 1108 1575 dixit
1130 1546 1239 1577 Jesus:

921 1589 1032 1629 Filius,
1060 1599 1141 1631 ecce,
1167 1595 1257 1632 tuus;

921 1636 1003 1668 Hinc
1025 1638 1057 1668 in
1084 1638 1255 1678 discipulo:

919 1682 980 1722 En,
1004 1687 1060 1715 tua
1079 1690 1190 1717 mater.

862 1749 892 1780 5.
919 1749 1003 1790 Heli,
1028 1750 1144 1790 linquis
1168 1751 1244 1785 me?
1269 1754 1427 1795 clamavit,

919 1795 1012 1826 Sitim
1036 1799 1187 1836 grandem
1212 1800 1381 1841 intimavit,

967 1842 1130 1882 Completa
1154 1847 1263 1878 dicens
1287 1848 1429 1889 singula,

921 1888 1059 1926 Quantus
1085 1890 1175 1923 dolor
1198 1896 1231 1924 te
1252 1894 1394 1937 intravit,

920 1935 1003 1966 Dum
1027 1937 1046 1968 J
1051 1945 1136 1969 esum
1158 1948 1262 1978 poena
1287 1942 1450 1984 cruciavit,

964 1981 1080 2023 Mater,
1105 1994 1168 2016 non
1193 1987 1276 2018 dicet
1300 1989 1429 2028 lingula.

1026 2075 1072 2101 Ad
1098 2077 1281 2107 Benedictus.

847 2129 888 2162 A.
918 2128 979 2161 Cor
1002 2133 1112 2163 matris
1136 2134 1328 2180 perforatur,

918 2177 949 2207 A
974 2185 1049 2208 sene
1071 2181 1290 2221 prophetatur,

915 2224 952 2255 In
976 2223 1159 2265 Aegyptum
1183 2228 1321 2273 fugatur

918 2270 1062 2303 Amissus
1088 2276 1294 2320 quaeritatur,

918 2316 982 2349 Sub
1009 2327 1101 2351 cruce
1125 2326 1281 2365 oneratur,

918 2364 1023 2396 Mater
1049 2366 1216 2411 deffliatur,
