1652 2615
278 230 326 261 In
350 231 382 262 2.
407 228 631 260 Nocturno.

360 302 551 337 Antiphonae.

164 361 194 392 1.
221 359 269 392 Ab
294 360 378 390 intus
402 358 484 397 regis
508 356 592 388 filiae

171 1799 190 1829 [Q

220 405 345 438 Pollent
368 413 406 435 ex
431 412 506 435 auro
530 401 672 435 fimbriae

265 451 408 482 Pulchris
433 448 646 483 varietatibus,

217 498 315 536 Quam
338 496 406 528 oleo
429 495 568 527 laetitiae

214 545 295 577 Prae
320 542 437 574 cunctis
461 541 550 573 unxit
574 540 668 572 hodic

262 589 348 621 Deus
374 588 440 627 eJ‘us
467 587 671 619 consortibus.

216 647 355 684 Impetus
379 644 443 675 vivi
467 642 603 674 fluminis

217 691 335 725 Urbem
359 690 419 723 Dei
443 688 592 721 laetificat

264 738 347 769 Novi
372 737 493 768 decoris
517 736 619 778 titulo,

218 786 300 817 Dum
325 792 436 816 novum
460 783 508 814 sui
534 783 676 814 culminis

218 831 381 870 Templum
411 838 519 861 creans
543 828 719 861 sanctificat

265 877 350 909 Deus
374 885 466 907 mane
491 876 637 908 diluculo.

188 961 195 967 .
218 934 242 966 O
268 933 403 973 gloriosa
426 933 561 971 novitas,

218 981 256 1012 In
280 979 396 1010 sanctis
420 987 500 1010 nova
527 978 635 1010 civitas

265 1025 326 1057 Dei
350 1024 500 1056 fundatur
520 1025 687 1064 montibus,

222 1075 260 1105 1n
286 1073 372 1111 quus
396 1074 431 1102 ut
455 1072 638 1103 laetantium

221 1119 276 1152 Fit
300 1117 434 1149 omnium
460 1117 600 1149 fidelium

269 1164 432 1196 Habitatio
455 1164 625 1197 moenibus⁸

356 1265 559 1300 Responsoria.

192 1351 197 1357 .
223 1325 338 1355 Arcam
364 1320 499 1353 foederis
525 1323 655 1361 propria

224 1370 309 1408 Lege
332 1378 393 1400 non
418 1367 581 1407 putribilia

273 1415 479 1454 compingunt
504 1413 623 1446 Sethim
646 1415 742 1454 ligna,

224 1464 343 1494 Aurum
366 1469 439 1492 vero
464 1461 673 1500 purissimum,

225 1508 301 1541 Tam
328 1510 488 1540 externum
506 1516 596 1546 quain
614 1508 766 1548 intimum„

272 1556 388 1588 Forma
411 1553 501 1585 fulsit
522 1555 686 1594 condigna.

228 1601 264 1632 In
289 1605 394 1633 monte
419 1600 493 1632 Sina
516 1600 643 1640 Moyses

273 1648 361 1680 Haec
386 1647 425 1679 de
449 1650 482 1678 te
505 1647 584 1678 vidit
609 1648 707 1689 signa,

228 1696 313 1734 Quae
336 1694 500 1733 praeclara
522 1692 659 1725 foederis
684 1702 717 1725 es

275 1742 369 1782 Arca,
395 1741 482 1780 virgo
508 1741 649 1780 benigna.

195 1823 201 1829 .
229 1797 309 1835 (guid
332 1797 410 1828 haec
433 1796 668 1835 imputribilitas

231 1844 410 1883 Lignorum,
435 1843 510 1882 quid
534 1842 613 1874 haec
636 1843 757 1882 puritas

276 1890 357 1921 Auri
380 1890 462 1929 gerit
482 1888 610 1928 figurae,

231 1936 300 1968 Nisi
324 1937 471 1967 mundam
495 1937 658 1967 materiam

232 1983 459 2021 Duplicemque
482 1983 667 2015 munditiam

279 2028 466 2061 Praeclarae
491 2032 652 2060 creaturae
660 2029 676 2059 :a

233 2078 267 2108 In
292 2084 367 2107 arca
389 2073 503 2106 florens
529 2075 660 2115 virgula,

279 2122 406 2162 Manna,
433 2122 484 2152 lex
507 2120 607 2153 Deum
632 2131 731 2162 purae

235 2167 367 2208 Signant
390 2168 421 2198 in
447 2168 556 2199 matris
582 2169 722 2200 clausula

279 2215 416 2247 Nostrae
437 2215 580 2254 ,iunctum
602 2217 743 2249 naturae.

202 2298 209 2304 .
236 2272 260 2305 O
288 2274 432 2303 creatura
455 2270 580 2310 nobilis,

235 2319 259 2352 Ο
284 2318 406 2359 fulgens
430 2317 625 2349 incredibilis

280 2366 419 2398 Hesther
443 2364 544 2397 forma
570 2364 699 2406 decoris,

890 223 913 255 O
940 222 1009 255 fons
1034 233 1130 263 purus
1152 225 1186 256 in
1209 223 1338 257 fluvium

891 269 1040 302 Crescens
1065 280 1214 310 aquarum
1238 271 1375 310 plurium

936 317 1031 355 Quasi
1057 315 1168 348 fluvius
1194 317 1300 354 Doris,

818 362 857 395 V.
886 362 969 401 Riga
990 371 1048 394 nos
1074 371 1174 402 aquae
1196 363 1332 393 maxime

934 409 1064 440 Trames
1091 412 1122 439 et
1146 407 1216 440 fons
1243 408 1389 449 dulcoris,

888 454 1074 486 Paradisum
1100 454 1257 485 uberrime

934 500 1053 539 Rigans
1077 501 1163 531 intus
1186 502 1217 530 et
1242 499 1330 531 foris.

951 602 996 633 In
1023 603 1053 634 3.
1079 601 1307 633 Nocturno.

1034 674 1103 701 Anti
1106 675 1229 710 phonae.

855 751 861 757 .
888 722 971 755 Novi
997 725 1106 755 cantus
1131 723 1280 763 obsequio

891 768 1007 801 Sancto
1030 770 1064 800 in
1091 771 1157 809 eJus
1182 771 1263 801 atrio

936 817 1104 849 Dominum
1129 816 1271 856 adorate,

893 863 1039 895 Clausum
1065 872 1189 904 semper
1213 864 1273 895 hoc
1297 864 1412 895 atrium

891 910 933 942 Et
958 913 1047 942 atrae
1071 912 1172 942 noctis
1195 911 1335 942 nescium

938 956 1109 989 Praeclara
1133 958 1283 990 novitate.

860 1039 866 1046 .
892 1013 982 1045 Justo
1008 1013 1087 1044 lucis
1111 1014 1241 1046 exordia

893 1059 1021 1092 Profert
1043 1060 1135 1099 huJ'us
1160 1060 1283 1092 laetitia

941 1106 1074 1138 Sanctae
1103 1107 1327 1147 conceptionis,

893 1151 913 1183 J
915 1153 977 1183 usti
999 1154 1156 1185 laetentur
1178 1154 1273 1185 hodie

895 1198 1085 1231 Confitentes
1109 1201 1278 1231 memoriae

942 1244 1214 1278 Sanctificationis.

863 1328 869 1334 .
894 1300 1054 1341 Exsurgat
1080 1306 1189 1335 cantus
1213 1304 1347 1344 novitas,

894 1347 976 1379 Dum
1001 1356 1083 1380 nova
1107 1349 1210 1381 carnis
1235 1349 1355 1387 puritas

940 1395 1144 1427 Patriarchae
1167 1397 1324 1434 praeclari

890 1439 994 1472 Datur
1018 1441 1168 1474 Abrahae
1191 1443 1313 1481 semini,

895 1487 941 1519 Ut
965 1488 1004 1518 de
1031 1490 1186 1527 promisso
1212 1489 1338 1521 Domini

941 1533 1110 1565 Laetemur
1131 1535 1273 1569 salutari.

1036 1608 1241 1644 Responsoria.

841 1657 871 1688 1.
899 1655 932 1688 Si
958 1665 1040 1694 caro,
1068 1657 1107 1688 de
1132 1665 1193 1696 qua
1217 1658 1327 1689 vitium

900 1702 1010 1735 Carnis
1035 1704 1167 1742 sumpsit
1191 1704 1325 1743 initium,

945 1749 1048 1790 Digne
1072 1749 1133 1783 fuit
1156 1753 1270 1792 creata,

900 1796 1009 1828 Oreari
1033 1799 1154 1828 constet
1180 1798 1302 1837 dignius

902 1843 1056 1881 Creatam,
1082 1847 1118 1874 ut
1140 1844 1173 1875 in
1197 1845 1308 1875 melius

949 1889 997 1920 Sit
1022 1898 1093 1921 caro
1118 1889 1352 1923 transformata.

832 1936 868 1967 V.
900 1935 990 1974 Veni,
1017 1936 1084 1967 sola
1107 1945 1185 1977 prae
1211 1937 1324 1969 ceteris

946 1982 1082 2015 Pulchra
1105 1992 1230 2022 semper
1255 1988 1287 2015 et
1311 1988 1410 2027 grata,

904 2029 1040 2061 Veniens
1066 2031 1276 2062 consoiaberis

950 2075 999 2106 De
1027 2074 1147 2108 Libano
1172 2081 1293 2112 vocata.

849 2133 879 2163 2.
907 2131 1035 2163 Omnem
1060 2134 1170 2172 templi
1190 2136 1352 2166 materiam

908 2177 1057 2210 struendi
1081 2188 1140 2218 per
1163 2180 1350 2213 industriam

955 2225 1087 2258 Cautela
1111 2226 1286 2259 Salomonis

908 2271 998 2303 Prius
1023 2275 1188 2312 purgatam
1214 2275 1326 2314 adjicit

905 2319 1058 2358 Priusque
1083 2328 1202 2351 summe
1225 2322 1351 2360 perficit

954 2366 1037 2398 Actu
1060 2367 1271 2412 purgationis3
