1652 2615
200 414 238 444 A.

720 142 978 177 —133—

338 252 383 284 In
408 255 439 286 2.
466 255 686 295 Vesperis.

384 337 429 363 Ad
447 338 626 375 Magnificat.

271 411 402 456 Corpus,
430 423 479 455 en,
505 416 644 447 lacerum

318 460 391 491 dum
416 462 504 502 virgo
529 465 690 507 tractavit,

271 505 468 540 Submissum
495 510 535 541 de
560 518 653 542 cruce

318 554 352 585 in
377 555 480 586 sinum
506 557 624 589 oravit:

269 600 416 640 Dignitas
439 604 565 643 regalis,

318 647 343 679 O
364 649 466 688 gloria
489 651 610 689 mundi,

951 240 1043 271 Nunc
1067 242 1216 280 quantum
1243 240 1382 272 dimersa

950 288 988 319 In
1013 287 1121 318 limum
1145 285 1313 326 profundi!

950 334 1032 375 Jam,
1057 335 1126 373 heu,
1154 335 1307 365 emarcuit

949 381 1019 412 Ave
1044 384 1076 412 et
1098 381 1243 420 gaudium

951 428 1091 460 Caelitus
1112 428 1258 459 emissum

949 474 1031 506 Olim
1059 483 1118 514 per
1142 476 1298 515 angelum,

952 518 1087 561 Quaeso,
1110 522 1175 560 jam
1200 525 1267 554 esto

995 571 1083 601 tutor
1106 571 1241 608 tuorum,

945 614 994 645 Ne
1016 618 1148 654 pereant

994 662 1120 701 irruptu
1145 662 1300 701 luporum.

272 731 357 759 Brev.
385 741 437 760 ms.
459 733 674 770 Sutphaniense
699 745 775 765 saec.
799 738 843 766 15.
884 741 953 770 Coei.
980 744 1163 772 Bollandian-
1189 754 1212 772 s.
1241 755 1269 772 n.
1294 747 1328 774 A.
1357 762 1392 766 —
1413 747 1488 775 Brev

198 769 390 814 Slesvyicense
414 772 484 807 imp.
512 772 644 800 Sleswici
671 772 752 802 1512.
780 778 812 803 Β.
839 793 877 797 —
903 780 945 807 In
968 779 992 808 1.
1012 783 1119 817 Vesp.
1141 781 1163 808 Α
1185 781 1210 816 2,
1235 783 1251 811 5
1274 792 1317 819 sq.
1337 784 1379 812 Ut
1398 787 1499 812 nestra

193 808 359 842 jubilizent.
388 823 425 827 —
453 810 494 836 In
521 809 545 837 1.
570 810 671 838 Noct.
702 810 722 838 R
750 812 781 848 1,
807 813 824 843 3
855 818 941 852 spina
965 819 998 845 13.
1024 835 1062 839 —
1092 818 1111 845 R
1141 817 1172 852 3,
1198 818 1216 845 Ρ
1242 822 1362 849 Noema.
1390 838 1426 842 —
1456 823 1498 849 In

196 843 223 872 3.
244 847 344 874 Noct.
367 844 387 872 R
410 845 435 879 1,
456 845 476 874 4
500 848 582 875 Fixit
608 848 675 876 dum
701 851 733 878 B.
764 867 802 871 —
827 853 868 880 In
887 855 997 883 Laud.
1019 856 1040 883 Α
1060 856 1087 891 4,
1109 855 1126 884 3
1150 858 1257 886 Exstat
1276 861 1389 887 exserta
1408 860 1441 886 B.
1490 876 1498 878 -

197 884 410 928 Hymnen:'a<l
423 885 527 921 Vesp.:
547 885 664 913 Adsunt
682 889 790 923 probra
812 893 914 919 matris
923 892 1017 927 (Anal.
1027 895 1079 928 XI,
1091 892 1150 929 53);
1174 895 1211 922 ad
1225 896 1380 932 Complet.:
1402 897 1490 924 Multc

194 921 300 949 lassati
323 924 446 950 crimine
465 921 560 957 (Anal.
581 923 647 959 ΧΠ,
670 923 724 961 63).

204 2172 236 2202 4.

615 1071 663 1101 42.
692 1073 735 1103 De
757 1073 971 1113 Compassione
990 1078 1077 1109 BMV.

331 1158 376 1190 In
405 1159 434 1191 1.
463 1160 676 1201 Vesperis.

410 1233 606 1268 Antiphonae.

235 1315 242 1322 .
269 1287 339 1328 Eia,
363 1298 447 1321 nunc
470 1289 582 1322 fideles
607 1290 738 1329 Christi,

268 1335 374 1368 Patris
399 1337 507 1375 verbo,
533 1338 628 1369 matri
652 1338 737 1369 tristi

314 1382 441 1416 Laudes
469 1385 679 1423 decantemus,

268 1429 325 1462 Pia
349 1434 454 1462 mente
477 1431 675 1465 revolventes

266 1476 389 1509 Horum
413 1487 532 1518 poenas
558 1481 589 1510 et
615 1480 753 1511 colentes

314 1524 481 1565 Supplices
506 1526 681 1560 laudemus.

267 1580 373 1613 Maria
396 1581 503 1614 Jesum
530 1583 652 1622 detulit,

268 1630 305 1661 In
329 1630 448 1669 templo
472 1630 576 1670 ipsum
601 1630 726 1669 obtulit,

312 1676 388 1715 Quis
404 1679 511 1716 potest
527 1678 607 1709 haec
625 1677 792 1717 concipere
801 1678 817 1708 ’.κ

267 1723 370 1756 Senex
397 1724 504 1756 divino
530 1733 627 1764 opere

265 1770 363 1803 Venit
395 1771 437 1802 ad
459 1773 610 1811 templum
634 1780 772 1811 propere

314 1817 408 1850 Ulnis
433 1819 454 1851 J
456 1826 543 1850 esum
563 1819 736 1858 suscipere.

233 1900 240 1907 .
267 1873 393 1906 Simeon
419 1877 494 1906 tunc
518 1875 732 1915 prophetavit,

262 1921 393 1953 Dolenti
416 1923 512 1955 matri
536 1922 693 1954 indicavit

312 1969 467 2001 Futuram
491 1970 662 2010 miseriam,

263 2017 354 2050 Tunc
380 2026 434 2049 cor
459 2018 526 2058 ejus
551 2018 746 2058 vulneratur,

263 2065 368 2105 Supra
392 2066 520 2098 modum
545 2066 693 2099 anxiatur

313 2112 460 2146 Sentiens
486 2113 674 2154 angustiam.

263 2171 301 2203 In
325 2171 518 2211 Aegyptum,
545 2179 563 2203 0
587 2170 704 2213 Maria,

258 2217 428 2250 Transfers
454 2219 564 2252 Jesum
589 2222 712 2251 maesta
737 2219 799 2258 via,

310 2265 395 2297 Dum
420 2267 550 2308 angelus
576 2274 636 2305 per
661 2266 815 2297 somnium

261 2314 383 2352 Joseph
408 2323 558 2353 sponsum
584 2313 780 2352 admoneret,

262 2361 333 2393 Rex
355 2361 503 2393 Herodes
526 2369 568 2393 ne
594 2361 718 2393 deleret

312 2408 510 2441 salvatorem
536 2409 685 2443 omnium.

889 1166 920 1198 5.
946 1167 1054 1198 Jesum
1079 1168 1186 1199 amisit
1208 1169 1315 1200 triduo

945 1212 1051 1244 Mater
1075 1214 1184 1246 dolore
1209 1216 1316 1255 nimio,

992 1260 1077 1292 Hinc
1100 1261 1204 1299 ipsum
1229 1263 1422 1302 requirebat,

945 1307 1042 1347 Virgo
1068 1311 1142 1339 tunc
1166 1309 1296 1341 intravit
1320 1310 1483 1349 templum,

944 1353 1055 1386 Multis
1082 1358 1208 1387 exstans
1232 1357 1264 1388 in
1291 1357 1470 1395 exemplum

992 1401 1091 1433 Matri
1116 1411 1247 1442 surgens
1272 1404 1435 1444 parcebat.

1063 1513 1109 1542 Ad
1127 1514 1306 1550 Magnificat.

908 1606 914 1613 .
947 1580 1019 1612 Non
1043 1591 1093 1613 me
1116 1580 1288 1614 formosam

997 1628 1117 1667 Noemi,
1143 1630 1201 1660 sed
1227 1631 1324 1662 dicite
1348 1630 1483 1670 Maram,

947 1675 1091 1715 Namque
1116 1676 1227 1708 dolore
1251 1686 1353 1709 meum

992 1722 1146 1754 Dominus
1165 1732 1220 1755 cor
1236 1725 1331 1757 valde
1347 1725 1496 1768 replevit,

945 1768 1107 1810 Factaque
1132 1773 1266 1810 septena

993 1818 1094 1857 gladii
1117 1826 1188 1849 sum
1211 1820 1324 1858 pervia
1348 1827 1471 1860 poena3

946 1865 1040 1904 Ecce,
1066 1867 1154 1896 tuam
1178 1866 1280 1905 ipsius

993 1913 1117 1953 gladius
1142 1914 1345 1954 pertransiet,
1372 1913 1484 1953 inquit,

947 1959 1094 1992 Sanctam
1119 1961 1263 2004 anima-m,
1292 1961 1418 1993 Simeon

993 2008 1025 2039 in
1051 2008 1180 2049 templo,
1208 2009 1296 2050 virgo
1322 2009 1436 2041 Maria.

1010 2161 1068 2192 Ad
1092 2160 1362 2193 Matutinum.

1075 2246 1291 2273 Invitatorium.

945 2313 1107 2346 Christum
1133 2312 1292 2344 dolentem

947 2360 991 2392 Et
1013 2363 1147 2393 matrem
1171 2360 1375 2400 maerentem,

997 2409 1122 2446 Venite,
1148 2407 1327 2440 adoremus.
