1652 2615
6 78 909 150 ξ----·---·--.Ξ·;τ5

902 212 938 243 V.
968 212 1046 251 Igne
1069 219 1199 243 manens
1221 212 1257 241 ut
1279 211 1311 242 in
1338 218 1410 242 rore

236 209 267 240 5.
293 207 439 240 Laudate
464 217 570 249 regem
595 211 742 252 omnium,

341 255 455 287 Omnes
488 259 596 295 gentes
622 261 654 289 et
677 258 797 298 populi,

293 301 482 333 Invocantes
506 303 700 342 praesidium

341 348 492 380 Athletae
514 350 668 383 Januarii.

410 422 457 450 Ad
477 422 654 459 Magnificat.

223 478 264 511 A.
293 478 474 519 Magnifica,
502 480 665 521 Neapolis,

340 526 501 558 Christum
524 528 558 558 in
584 527 743 566 Januar10‚

292 572 379 611 Quae
404 582 518 613 corpus
542 575 624 606 tanti
647 575 802 615 praesulis

340 619 408 651 Tuo
434 629 542 651 servas
567 622 712 660 armario,

341 665 516 698 Coronatur
540 668 704 707 martyrio,

293 712 392 744 Novis
418 712 542 753 fulgens
567 714 728 746 miraculis

291 760 471 792 Veneratur
496 769 515 791 a
535 762 673 801 populis,

340 807 429 839 Caeli
454 808 627 839 translatus
650 808 765 848 gaudio

336 854 412 892 Ipse
438 863 495 885 nos
521 854 582 885 Dei
606 854 671 886 filio

288 901 381 932 Votis
408 901 606 933 commendet
630 902 758 935 sedulis,

352 994 414 1026 Ad
438 995 707 1027 Matutinum.

424 1060 638 1087 Invitatorium.

290 1115 477 1155 Surgentem
504 1126 573 1148 cum
598 1118 733 1149 victoria

336 1162 517 1195 Laudemus
542 1164 603 1195 Dei
627 1163 738 1202 filium,

290 1210 349 1248 Qui
375 1218 445 1242 cum
469 1210 621 1249 triumphi
647 1211 748 1250 gloria

337 1256 475 1290 Coronat
498 1258 695 1290 Januariunl.

346 1342 408 1374 Ad
432 1341 706 1373 Nocturnum.

429 1405 625 1441 Antiphonae.

229 1467 259 1498 1.
287 1464 459 1503 Tamquam
466 1464 585 1503 lignum
595 1463 838 1503 complantatum

335 1511 431 1542 Secus
457 1519 554 1549 aquas
581 1510 783 1542 decurrentes

287 1558 441 1591 Fructum
469 1557 558 1589 dedit
582 1556 651 1589 Deo
677 1559 800 1597 gratum

336 1604 557 1637 Convertendo
583 1612 691 1636 caecas
707 1606 838 1637 mentes.

229 1664 260 1695 2.
286 1661 358 1693 Rex
388 1665 419 1692 et
442 1663 565 1700 martyr
589 1669 657 1692 sum
683 1670 701 1692 a
725 1660 792 1692 Deo

335 1707 438 1747 Super
463 1707 539 1739 Sion
566 1708 763 1748 constitutus,

287 1756 317 1787 A
341 1764 401 1795 quo
426 1755 460 1786 in
486 1763 585 1794 agone
609 1763 679 1786 meo

336 1801 505 1843 Nunquam
530 1800 577 1833 fui
604 1802 783 1834 destitutus

229 1862 260 1893 3.
286 1859 520 1891 Adversantem
546 1861 655 1890 sancto
679 1862 733 1890 tuo

333 1907 495 1939 Caecitate
527 1906 723 1947 percussisti,

285 1954 388 1986 Ursos
413 1963 432 1985 a
457 1953 565 1985 furore
590 1962 645 1985 suo

335 2002 431 2033 Velut
456 2010 553 2042 agnos
579 2000 719 2033 effecisti.

420 2075 627 2112 Responsoria.

224 2135 255 2167 1.
281 2135 367 2165 Ante
389 2134 532 2166 tribunal
556 2134 714 2173 praesidis

332 2181 448 2213 Nolam
475 2182 630 2214 deductus
654 2179 801 2221 pontifex

377 2229 460 2262 Fide
485 2237 643 2268 nunquam
668 2227 824 2268 turbatur,

283 2275 418 2308 Mandat
443 2276 596 2307 ministris
621 2274 753 2315 perfidis

329 2322 453 2355 Furens
478 2332 612 2355 vesanus
638 2321 791 2362 carnifex,

378 2371 469 2409 Quod
482 2369 597 2402 fornax
606 2370 817 2405 succendatur
827 2381 835 2411 ς

972 257 1068 290 Sacro
1094 258 1253 290 Christum
1278 258 1388 289 laudat
1413 265 1467 288 ore

1020 304 1188 337 Confessor
1210 304 1443 336 invictissimus¹

915 362 948 393 2.
973 361 1100 393 Danieli
1124 359 1161 392 fit
1185 360 1307 400 similis,

1017 408 1101 440 Dum
1125 416 1183 447 pro
1208 407 1275 439 zelo
1297 407 1441 447 Justitiae

1065 455 1178 487 Pastor
1201 454 1283 486 ursis
1309 454 1486 493 exponitur,

971 501 1129 533 Probatur
1154 501 1348 533 admirabilis

1018 548 1127 579 Virtus
1153 556 1228 579 suae
1254 548 1458 586 constantiae,

1066 596 1142 628 Cum
1160 603 1179 625 a
1195 593 1271 626 feris
1286 604 1347 626 non
1360 594 1517 635 laeditur3

901 640 938 672 V.
969 641 1081 681 Intrat,
1108 642 1214 672 adstat
1236 641 1413 681 intrepidus

971 687 1103 719 Athleta
1125 686 1189 719 fide
1214 686 1364 730 fervidus,

1019 733 1113 765 Scuto
1137 736 1299 773 protectus
1319 734 1404 768 fidei.

915 791 946 823 3.
973 789 1139 822 Certamen
1163 790 1224 821 init,
1246 791 1390 822 ultimum

1019 836 1149 868 Crucem
1173 838 1206 868 in
1231 835 1335 869 fronte
1351 836 1514 876 perferens

1065 884 1184 916 Summi
1208 885 1291 923 regis
1317 883 1484 923 vexillifer,

975 931 1012 962 In
1038 931 1162 964 Christo
1185 929 1291 962 firmat
1315 931 1450 962 animum

1016 976 1137 1009 Lictori
1163 980 1257 1016 caput
1280 977 1422 1019 offerens,

1065 1024 1269 1056 Coronandus
1293 1024 1483 1063 perenniter,

899 1070 937 1102 V.
968 1071 1078 1103 Carnis
1103 1071 1226 1110 spernit
1251 1071 1422 1112 interitum,

969 1116 1037 1148 Deo
1064 1117 1283 1149 commendans
1309 1118 1454 1157 spiritum

1015 1164 1147 1195 Athleta
1173 1165 1452 1196 constantissimus.

1056 1287 1104 1318 In
1130 1286 1357 1318 Laudibus.

1109 1369 1305 1404 Antiphonae.

911 1435 940 1468 1.
967 1436 1085 1467 Parata
1109 1436 1260 1469 Januario

1015 1482 1114 1515 Sedes
1140 1485 1188 1514 est
1210 1483 1243 1514 in
1269 1484 1404 1525 excelso,

966 1529 1103 1562 Mortem
1128 1539 1186 1569 pro
1211 1529 1272 1562 Dei
1298 1529 1362 1561 filio

1014 1577 1238 1609 Incunctanter
1267 1578 1422 1616 amplexo.

913 1634 944 1664 2.
971 1632 1111 1665 Jubilate
1135 1633 1213 1672 Deo,
1240 1634 1361 1673 populi,

1013 1681 1051 1712 In
1078 1680 1347 1719 exsultationibus,

966 1726 1107 1759 Jubilate
1129 1729 1217 1758 tanto
1242 1728 1381 1766 praesuli

1013 1773 1050 1806 In
1074 1774 1237 1805 matutinis
1263 1774 1420 1806 laudibus.

909 1832 941 1863 3.
968 1829 1076 1863 Sitivit
1098 1839 1186 1862 mens
1212 1832 1243 1861 et
1267 1831 1372 1862 anima

1014 1878 1067 1910 Ad
1090 1878 1193 1910 Deum
1216 1878 1322 1910 vivum
1342 1879 1470 1919 jugiter,

969 1924 1048 1957 Caro
1071 1926 1146 1957 tulit
1171 1926 1342 1957 certamina

1014 1971 1145 2004 Afflicta
1168 1972 1397 2013 multipliciter.

908 2030 940 2062 4.
966 2029 1004 2060 In
1030 2028 1160 2061 fornace
1183 2028 1294 2061 laudat
1318 2029 1420 2061 Deum

1011 2076 1104 2108 More
1128 2076 1223 2108 trium
1247 2085 1426 2116 puerorum,

964 2123 1075 2155 Ardor
1097 2133 1162 2156 non
1188 2124 1341 2164 contingit
1364 2133 1443 2164 eum,

1011 2170 1139 2203 Turbae
1167 2174 1297 2210 stupent
1317 2172 1514 2212 populorum.

908 2230 939 2261 5.
967 2226 1123 2261 Christum
1151 2228 1319 2260 Dominum
1347 2228 1386 2259 de
1413 2229 1508 2261 caelis

1012 2276 1122 2307 Mente
1147 2275 1311 2306 laudemus
1336 2275 1459 2317 humili,

967 2322 1026 2361 Qui
1050 2322 1199 2354 virtutem
1223 2321 1366 2353 Danielis

1013 2368 1079 2401 Dat
1102 2370 1186 2400 inter
1210 2378 1300 2401 ursos
1325 2370 1474 2409 praesuli.
