1652 2615
687 130 936 164 —156—

244 225 288 256 Et
313 226 352 257 ab
379 226 488 257 eadem
511 225 652 263 pascitur
1004 227 1021 258 I
1030 236 1051 257 n
1075 226 1102 258 L
1111 235 1161 258 au
1171 226 1191 258 d
1200 227 1240 258 ib
1251 236 1273 258 u
1281 234 1307 259 S.

291 272 407 304 Solerti
430 272 589 312 regimine.

186 330 217 362 2.
242 328 326 360 Laus
351 330 382 360 et
405 328 503 359 honor
527 327 650 359 Christo
677 327 778 364 datur,

288 376 393 415 Atque
419 384 482 413 pax
505 373 692 412 hominibus,

243 421 358 453 Sancta
385 424 485 452 mater
509 422 676 452 veneratur

288 467 438 507 Supernis
465 467 650 508 agminibus

187 526 216 556 3.
245 523 338 563 Virgo
363 523 488 554 humilis
512 523 675 562 probatur,

1051 301 1244 335 Antiphonae.

856 358 886 390 1.
912 357 1001 389 Haec
1027 358 1093 389 dies
1117 358 1269 397 laetitiae⁷

959 405 1092 444 Mariae,
1118 404 1228 436 matris
1254 403 1385 443 gratiae,

912 450 1082 482 Exsultent
1109 459 1182 490 ergo
1206 450 1312 487 hodie,

959 497 1019 535 Qui
1041 497 1153 529 laudes
1178 497 1257 527 dant
1274 495 1314 528 (le
1330 495 1463 535 virgine.

287 571 331 603 Ut
359 570 498 601 ostendit
520 578 616 608 Opere
855 555 886 587 2.
911 553 1045 585 Dulcem
1070 555 1176 584 natum
1202 560 1291 593 reges
1311 552 1466 591 quaerunt

241 617 335 649 Casta
359 619 459 647 mater
482 595 689 656 nuncupatur,
959 600 1059 632 Stella
1085 600 1164 631 duce
1189 599 1329 639 praevia,

288 663 402 695 ἱππί
425 663 526 695 Deum
550 663 656 695 ubere*
912 648 1066 680 Invocare
1091 647 1164 678 dum
1190 648 1352 687 venerunt,

957 695 1075 735 Magna
1101 695 1232 726 cernunt
1256 692 1382 734 gaudia.

393 746 562 774 Prosula.
855 753 885 783 3.
911 751 1046 790 Lignum
1073 751 1175 782 erucis
1199 750 1253 789 qui
1276 749 1426 789 portavit,

467 804 496 836 1.
959 798 1104 829 Surrexit
1129 806 1197 828 cum
1222 796 1333 836 gloria,

185 871 204 893 a
240 859 438 892 Gaudeamus
463 860 555 898 digno
913 845 1025 876 Limbo
1049 847 1157 883 captos
1181 842 1332 875 liberavit

206 886 213 893 ⁹
289 907 412 938 Mariae
436 905 527 943 festo,
961 892 1039 924 Cum
1063 899 1185 922 summa
1207 889 1352 922 victoria.

187 955 217 987 b.
244 954 309 992 Quo
335 953 461 985 caelesti
486 953 572 991 virgo
857 950 888 981 4.
911 947 1087 979 Descendit
1110 954 1200 978 sacer
1224 945 1355 985 spiritus

289 1003 400 1040 regnat
422 999 590 1037 triumpho.
960 994 1140 1033 Discipulos
1164 993 1355 1031 illuminans,

913 1041 1064 1072 Exsultat
1091 1044 1193 1072 mater
1219 1039 1351 1072 caelitus

466 1076 495 1106 2·
962 1089 1046 1120 Puro
1072 1088 1169 1119 corde
1189 1086 1340 1125 jubilans.

184 1149 212 1172 a·
236 1139 301 1177 QUO
326 1139 507 1177 angelorum
858 1145 887 1176 5.
915 1144 939 1175 O
964 1144 1035 1175 luce
1060 1152 1152 1183 quam
1176 1142 1319 1183 glorifica

293 1185 377 1217 chori
402 1186 559 1216 laet-amul*
583 1193 699 1223 omnes,
962 1191 1168 1221 Illustrantur
1192 1189 1313 1227 eaeliei,

186 1232 217 1265 b·
243 1232 393 1271 Reginam
419 1232 497 1263 caeli
913 1236 1050 1268 Mariam
1076 1237 1118 1268 ad
1144 1235 1257 1268 deifica

292 1281 431 1317 optatam
457 1280 639 1309 venerantes
960 1283 1043 1315 Dum
1071 1285 1233 1315 assumunt
1254 1282 1367 1321 angeli.

467 1354 498 1385 3.
1032 1357 1078 1383 Ad
1096 1357 1279 1385 Benedictus.

188 1428 219 1450 a.
242 1419 286 1450 Et
307 1425 420 1449 nomen
443 1417 553 1448 melius
845 1416 885 1448 A.
915 1414 1053 1454 Virginis
1080 1418 1112 1446 et
1135 1415 1244 1446 matris

291 1473 310 1495 a
333 1466 424 1503 patre
450 1464 542 1495 datur
960 1467 1068 1493 nostro
1090 1464 1242 1493 venerata
1265 1460 1375 1493 favore

244 1510 288 1542 Et
315 1510 379 1542 filio
916 1508 1040 1540 Gaudia
1063 1509 1227 1548 perpetuis

291 1557 477 1596 spirituique
503 1558 622 1595 saneto,
960 1556 1025 1587 sint
1048 1555 1219 1587 benedicta
1241 1554 1356 1593 modis,

187 1605 217 1636 b.
245 1604 475 1635 Ordinaverunt
500 1611 571 1634 nam
917 1600 1076 1634 Candidus
1101 1602 1241 1634 aetherei

287 1651 389 1689 ipsam
413 1650 586 1689 proximam
961 1650 1082 1689 pariter
1106 1651 1255 1691 regnator
1279 1648 1406 1687 Olympi

243 1696 382 1728 sessioni
913 1695 1077 1728 Laudibus
1106 1696 1282 1728 innumeris

291 1752 365 1775 suae
389 1752 471 1774 nunc
496 1745 527 1774 et
550 1743 582 1774 in
608 1744 779 1774 aeternum.
962 1743 1005 1774 sit
1027 1743 1222 1775 benedictus.
1260 1744 1372 1775 Amen.

250 1826 368 1862 Antiph.
396 1835 449 1854 ms.
470 1826 653 1854 Galeam-iense
678 1834 753 1853 saee.
779 1824 823 1854 16.
862 1826 931 1854 eod.
951 1826 1036 1854 Areh.
1057 1826 1201 1855 Caiarien.
1222 1827 1256 1854 A.
1277 1825 1322 1854 14.
1349 1841 1380 1845 —
1406 1827 1465 1854 Die

175 1862 219 1890 ΒΗ
243 1865 274 1891 in
293 1865 369 1891 allen
389 1864 560 1891 Nokturnen
581 1864 739 1899 prosaiseh.
759 1878 796 1883 -—
822 1864 864 1891 Es
884 1866 924 1891 ist
942 1873 1000 1891 von
1018 1865 1162 1892 Interesse
1180 1873 1217 1891 zu
1236 1863 1377 1897 erfahren,
1402 1863 1465 1891 dass

176 1901 225 1929 der
251 1901 333 1928 Altar
359 1910 413 1937 „zu
439 1902 494 1928 den
518 1901 649 1929 Freuden
674 1898 819 1929 Mariens“
845 1903 877 1928 in
902 1901 952 1928 der
976 1901 1120 1929 Kalkarer
1143 1902 1251 1931 Kirehe
1275 1902 1365 1929 sehon
1392 1898 1462 1930 1481

176 1939 260 1966 stand
286 1939 344 1966 und
372 1936 442 1966 1507
470 1941 534 1966 eine
553 1939 675 1966 Vikarie
701 1947 739 1965 an
763 1939 928 1966 demselben
953 1938 1082 1975 gestiftet
1103 1939 1209 1966 wurde.
1228 1954 1267 1957 —
1287 1939 1398 1967 Hierzu
1417 1941 1465 1967 die

173 1977 322 2011 Hymnen:
344 1976 458 2004 Laudes
479 1978 634 2011 perpetuae
653 1976 797 2011 dignaque
816 1977 945 2012 praemia
962 1976 1056 2010 (Anal.
1073 1976 1184 2010 XXIII,
1205 1975 1264 2012 71);
1285 1977 1375 2014 Virgo
1397 1978 1464 2005 dum

173 2013 287 2041 scandis
311 2022 430 2050 superos
451 2015 562 2041 meatus
582 2013 675 2048 (Anal.
695 2014 806 2047 XXIII,
827 2013 862 2041 71
881 2012 943 2050 sq.).

570 2132 610 2164 51.
641 2133 685 2164 De
705 2135 822 2174 septem
841 2133 964 2173 gaudiis
983 2134 1070 2166 BMV.

309 2215 355 2247 In
382 2213 413 2246 1.
435 2214 653 2252 Vesperis.
913 2214 1028 2246 Mundi
1052 2214 1149 2256 salus,

361 2269 454 2304 Super
472 2269 613 2296 Psalmos.
961 2265 1063 2293 mate-1·
1086 2261 1276 2303 christifera,

170 2320 211 2352 A.
241 2318 361 2361 Gaude,
388 2316 465 2349 felix
915 2308 976 2340 Dei
998 2309 1099 2348 patris

284 2365 445 2398 inventrix
470 2366 600 2406 gratiae,
964 2357 1124 2388 obtentrix
1146 2358 1266 2401 veniae,
