1652 2615
758 148 1016 185 ——139-——

297 240 346 272 De
371 240 515 280 perfosso
539 244 640 276 latere

345 296 438 319 cruor
462 289 515 328 qui
539 292 688 331 manavit,

296 335 372 373 Fac,
399 343 456 366 nos
481 335 569 367 lavet
593 338 732 382 crimine,

343 382 427 420 quod
452 391 508 413 nos
532 383 716 423 inquinavit.

223 445 262 478 R.
293 446 391 485 Quem
418 447 527 479 vidisti
554 458 623 480 cum
650 450 758 483 dolore

223 587 261 619 V.

220 2269 251 2302 1.

294 493 410 525 Fixum
437 496 524 526 cruci
548 496 581 527 in
608 505 728 537 cruore,

295 540 372 571 Pete
396 541 488 573 nobis
514 543 620 574 mitem
646 542 724 584 fore,

292 586 369 618 Cum
395 588 539 620 discedet
562 599 650 622 mens
675 593 714 624 ab
740 601 805 624 ore.

363 691 408 722 In
434 693 466 724 2.
494 692 708 732 Vesperis.

290 756 370 795 Spes
397 759 429 787 et
452 760 562 789 nostra
585 760 750 801 advocata,

341 804 366 836 Ο
393 805 503 844 regina
528 806 607 837 caeli
632 811 733 847 grata,

341 852 427 883 Audi
452 855 562 884 nost-ra.
587 854 766 895 deprecata,

251 924 258 929 .
289 897 359 929 Hac
386 899 425 930 de
451 899 533 930 valle
557 901 758 933 lacrimarum

288 944 358 976 Duc
370 946 411 977 ad
426 954 556 985 regnum
566 956 623 978 nos
633 950 840 988 praeclarum.

408 1020 452 1047 Ad
473 1021 652 1056 Magnifieat.

289 1067 402 1099 Dulcis
427 1071 539 1109 mater,
565 1069 719 1102 Dominus

335 1115 414 1146 hora
439 1117 620 1155 vespertina

289 1162 349 1193 Est
375 1162 415 1193 de
438 1163 525 1202 ligno
550 1164 671 1202 positus

335 1209 444 1241 tumba
467 1210 502 1241 in
526 1211 662 1251 petrina,

289 1256 406 1288 Christi
432 1255 551 1288 fossum
577 1258 707 1289 vulnere

335 1312 449 1343 corpus
477 1308 654 1344 reparatur,

288 1351 440 1383 Paradiso
466 1351 571 1383 anima

335 1398 453 1429 sanctis
478 1398 640 1432 adoratur.

287 1445 351 1477 Ora
375 1454 460 1485 ergo,
488 1446 624 1484 domina,

334 1495 436 1523 mater
463 1493 610 1532 gloriosa,

288 1539 380 1570 Nunc
403 1548 462 1579 pro
487 1540 577 1571 nobis
601 1539 701 1571 filium

334 1595 427 1626 prece
452 1586 622 1630 fructuosa,

288 1634 333 1667 Ut
358 1634 413 1666 det
436 1633 527 1665 nobis
552 1635 686 1674 gratiam

331 1690 389 1712 sua
413 1682 542 1720 pietate,

284 1728 353 1766 Qua
376 1728 562 1768 plangamus
587 1728 710 1759 scelera

330 1777 421 1806 tanta
445 1775 588 1814 caritate,

284 1821 329 1854 Ut,
354 1831 423 1853 cum
448 1822 539 1853 nobis
566 1821 689 1853 venerit

330 1869 432 1902 nostri
455 1868 528 1901 finis
555 1869 632 1909 dies,

284 1916 361 1949 Cum
385 1917 509 1949 latrone
533 1916 646 1948 sedula

330 1965 423 1996 detur
447 1964 538 1996 nobis
564 1964 664 2004 quies.

336 2051 441 2083 Item
467 2051 515 2082 ad
541 2050 708 2082 Laudes

206 2096 294 2129 infra
337 2098 609 2138 quadragesimam
647 2100 678 2129 et
715 2098 834 2137 pascha

351 2146 516 2178 dominicis
540 2145 661 2177 diebus.

420 2221 619 2257 Antiphonae.

278 2268 434 2301 Miserere
457 2270 530 2310 mei,
555 2269 652 2309 Deus,

278 2316 338 2354 Qui
363 2326 431 2348 sum
456 2316 547 2348 multi
572 2317 648 2348 mali
673 2324 757 2356 reus,

278 2364 325 2396 Ut
348 2373 407 2403 per
430 2373 556 2404 precem
582 2367 656 2396 tuae
678 2364 789 2395 matris

276 2411 333 2443 Me
358 2411 512 2444 dissolvas
533 2421 553 2447 a
575 2411 726 2452 peccatis.

916 248 947 280 2.

904 2052 935 2082 2.

974 247 1057 277 Ante
1081 248 1204 284 tempus
1229 248 1322 285 patre
1345 248 1448 287 natus,

974 293 1067 325 Nunc
1092 302 1130 324 ex
1152 294 1254 324 matre
1278 293 1463 324 incarnatus

974 340 1037 372 Sua
1061 342 1162 372 morte
1186 349 1243 371 nos
1268 340 1413 380 redemit,

974 387 1175 429 Benedictus,
1202 387 1255 426 qui
1278 387 1326 418 sic
1349 387 1446 421 venit,

939 486 948 494 .
974 462 1164 493 Accinentes
1189 463 1359 493 matutinas

974 509 1062 540 Tuae
1085 509 1190 550 matri,
1217 509 1351 551 Christe,
1378 510 1463 540 sinas

976 555 1101 586 Vultum
1131 558 1217 587 tuum
1243 557 1451 596 contemplari

973 602 1017 633 Et
1047 605 1121 641 post
1144 606 1276 635 mortem
1300 603 1374 634 hinc
1398 604 1521 635 laetari.

939 700 945 706 .
973 676 1029 716 Te,
1056 685 1148 715 quem
1172 677 1259 716 virgo
1285 679 1448 717 generavit

971 723 1014 754 Et
1038 724 1077 755 de
1101 724 1184 754 lacte
1208 732 1263 755 suo
1289 725 1387 764 pavit,

973 769 1167 801 Benedicant
1191 779 1265 802 voce
1289 780 1367 810 pare

972 815 1109 856 Caelum,
1135 819 1221 848 terra
1245 820 1339 857 atque
1363 827 1460 851 marc.

936 916 944 923 .
969 891 1075 922 Mater
1101 891 1169 933 Dei,
1196 895 1228 922 te
1250 901 1428 931 precamur,

969 939 1031 970 Per
1057 941 1099 978 te,
1125 939 1225 978 virgo,
1251 948 1428 970 mereamur

969 984 1037 1015 Tuo
1066 987 1141 1017 nato
1167 994 1359 1025 conregnare

969 1030 1013 1062 Et
1037 1034 1199 1063 aeternum
1224 1033 1416 1066 collaudare.

1085 1134 1131 1160 Ad
1152 1134 1336 1161 Benedictus.

966 1190 1141 1222 Benedicta
1165 1200 1197 1222 es
1221 1192 1335 1232 Maria,

967 1237 1044 1269 Jesu
1070 1238 1189 1271 Christi
1217 1242 1317 1270 mater
1341 1240 1403 1281 pia,

968 1284 1053 1323 Quae
1077 1285 1155 1316 haec
1179 1286 1247 1316 sola
1270 1287 1423 1326 meruisti,

968 1331 1058 1369 Quod
1083 1335 1116 1363 tu
1141 1332 1243 1363 Deum
1267 1333 1412 1373 genuisti,

968 1377 1026 1416 Qui
1052 1379 1183 1411 resolvit
1206 1388 1264 1411 sua
1286 1383 1388 1411 morte

968 1424 1137 1457 Infernalis
1164 1427 1301 1458 claustra
1324 1430 1447 1469 portae,

967 1472 1096 1504 Vinctos
1120 1482 1193 1505 suos
1215 1474 1409 1516 redimendo,

968 1520 1096 1551 Caelum
1119 1521 1210 1554 nobis
1235 1522 1411 1561 iargiendo.

964 1671 1026 1702 Ad
1051 1671 1217 1703 Laudes
1241 1673 1283 1704 in
1306 1672 1447 1709 feriis.

1106 1764 1301 1800 Antiphonae.

930 1856 937 1862 .
963 1831 1032 1863 Tua
1056 1834 1157 1863 matre
1180 1830 1344 1872 flagitante

961 1879 1006 1911 Et
1028 1887 1087 1919 per
1110 1888 1178 1910 eam
1202 1883 1234 1910 te
1259 1883 1442 1919 praestante

962 1927 999 1959 In
1018 1935 1077 1967 me,
1098 1926 1194 1966 Deus,
1213 1926 1265 1958 fac
1282 1936 1336 1959 cor
1350 1930 1510 1970 mundum,

961 1974 998 2006 In
1024 1975 1204 2014 praeceptis
1229 1975 1271 2006 tis
1292 1976 1478 2014 J'ucuudum.

961 2051 1155 2082 Assistentes
1180 2054 1254 2082 tuae
1278 2051 1367 2083 laudi

959 2097 1065 2139 Mane,
1092 2098 1226 2139 Christe,
1252 2102 1286 2129 tu
1312 2100 1437 2141 exaudi,

960 2146 1006 2178 Ut
1030 2149 1162 2185 precatu
1186 2146 1296 2178 matris
1322 2150 1394 2178 tuae

960 2192 1088 2224 Reddas
1115 2202 1166 2225 eos
1190 2203 1286 2233 puros
1311 2194 1372 2225 lue.

927 2294 934 2301 .
961 2269 1032 2307 Ora,
1059 2270 1159 2312 virgo,
1187 2273 1273 2301 tuam
1298 2270 1420 2309 prolem

960 2317 1164 2349 Relucentem
1190 2325 1285 2356 super
1309 2317 1418 2358 solem,

960 2364 1004 2396 Ut
1027 2373 1084 2396 nos
1110 2364 1196 2395 cibet
1219 2372 1275 2395 suo
1300 2364 1389 2396 vultu

957 2412 996 2444 In
1021 2417 1149 2443 aeterno
1174 2420 1230 2443 suo
1256 2412 1351 2444 cultu.
