1652 2615
745 133 906 167 -221
958 154 1004 158 —

255 251 262 258 .
293 226 380 258 Vera
406 236 484 258 crux
510 236 584 259 ense
608 228 759 271 signatur,

295 272 381 310 Quae
414 282 473 312 per
498 277 641 306 sanctum
664 275 846 314 honoratur,

343 319 540 353 Mortificato
566 329 709 361 corpore.

259 409 266 416 .
294 384 411 416 Uerbis
437 384 553 418 famem
576 386 771 429 refocillans,

292 432 387 472 Aqua
410 433 507 473 sitim,
533 442 596 465 non
620 435 776 467 vacillans

296 479 490 511 Perseverat
513 479 651 521 fortiter,

298 524 396 557 Satan
422 528 522 559 saevit
548 528 666 559 acriter

294 571 333 603 In
361 572 536 613 Galganum
562 575 729 615 exsiliens3

254 644 260 651 .
290 619 433 651 Daemon
458 624 581 653 terrere
606 623 735 661 cupiens

292 666 443 698 Orantem
468 670 557 700 venit
577 668 699 707 ‚iaciens

292 713 430 745 Trabem
453 715 548 755 ignis,
573 718 645 754 post
671 714 807 756 fugiens.

263 807 268 812 .
292 778 394 811 Fama
424 781 553 820 cupiens
578 781 680 812 latere

342 826 467 859 Sanctis
492 829 612 859 micans
637 829 808 861 virtutibus

390 874 590 907 Diffunditur
614 876 646 907 in
673 876 822 919 Thuscia‚

294 920 448 953 Mulieres
473 931 547 954 mox
573 931 688 954 venere

342 967 392 999 De
416 969 522 1000 Aretii
546 969 692 1009 partibus

390 1016 467 1047 Cum
491 1016 631 1048 maxima
653 1015 787 1056 fiducia3

255 1087 262 1093 .
290 1061 392 1093 Manu
418 1065 612 1095 contractam
634 1064 772 1102 puellam

294 1108 346 1139 Ad
370 1109 471 1148 ipsius
499 1111 626 1142 ductam
651 1110 764 1141 cellam

388 1156 488 1188 Sanat
511 1157 573 1189 Dei
598 1157 711 1197 gratia.

356 1296 401 1328 111
427 1298 460 1330 3.
484 1296 714 1330 Nocturno.

435 1371 482 1399 Ad
503 1371 634 1399 Cantica.

255 1455 262 1462 .
293 1429 411 1460 Beatus
441 1429 603 1461 solitariae

341 1476 434 1507 Vitae
460 1476 622 1516 Gralganus
645 1477 777 1518 studuit,

295 1522 366 1554 Non
392 1523 549 1555 thesauris
572 1523 727 1562 pecuniae

341 1569 437 1609 Spem
462 1579 552 1602 suam
576 1579 712 1610 unquam
731 1571 847 1610 posuit.

430 1654 637 1690 Responsoria.

261 1739 267 1746 ,
293 1711 521 1750 Apostolorum
545 1710 665 1752 limina,

297 1758 356 1796 Qui
381 1761 455 1790 sunt
478 1758 589 1790 mundi
613 1759 743 1797 lumina,

342 1805 426 1837 Visit
448 1815 507 1845 pro
532 1806 739 1845 indulgentia,

294 1853 378 1884 Dum
404 1855 441 1884 fit
464 1853 590 1893 absens,
617 1853 793 1893 aliquorum

296 1901 402 1934 Corda
426 1899 567 1932 fremunt
590 1901 800 1941 malignorum

340 1949 403 1980 Pro
428 1949 568 1988 pessima
592 1948 731 1990 invidia3

253 2022 259 2028 .
291 1995 359 2027 Hos
386 1997 427 2028 ad
452 1997 555 2028 locum
581 1997 780 2037 accedentes,

290 2043 409 2075 Ensem
435 2042 573 2076 fractum
598 2044 823 2088 relinquentes,

339 2092 400 2124 Dei
424 2090 503 2124 ferit
525 2092 695 2124 sententia.

234 2165 241 2174 ·
261 2186 266 2191 .
296 2157 372 2189 Cum
398 2158 445 2191 sic
467 2159 589 2191 Romae
613 2161 811 2199 perseverat,

291 2204 363 2236 Hoc
387 2214 446 2244 per
471 2206 573 2240 visum
599 2206 766 2240 asserebat

340 2251 410 2285 Sibi
433 2253 579 2285 caelestis
604 2253 752 2293 nuntius;

291 2298 410 2330 Dolens
437 2301 561 2340 cogitur
584 2300 702 2341 redire,

292 2345 357 2378 Ubi
381 2350 520 2379 meretur
547 2347 676 2379 audire:

342 2393 391 2424 Ne
415 2394 511 2429 adeas
537 2394 683 2426 ulterius.

905 229 942 262 V.
972 229 1051 261 Pars
1077 225 1180 258 fracta
1206 226 1280 257 dum
1305 226 1470 265 reponitur

974 275 1092 315 Spatae
1115 272 1237 304 fractae
1261 272 1403 304 reficitur

1019 321 1126 362 Ensis,
1152 320 1302 359 auditque
1327 319 1427 351 citius.

918 379 949 411 3.
976 376 1161 411 construxit
1185 376 1331 408 cellulam

975 425 1136 464 Galganus
1160 423 1327 462 parvulam

973 472 1023 504 De
1047 470 1154 511 lignis,
1179 470 1340 510 humilem,

976 517 1167 556 Rotundam,
1193 517 1326 548 similem

1022 565 1112 604 Ejus,
1139 573 1219 603 quae
1242 573 1327 595 nunc
1353 563 1501 596 cernitur.

935 639 942 646 .
974 613 1011 643 In
1035 611 1150 643 montis
1176 611 1313 642 culmine

977 658 1113 691 Caelesti
1136 658 1264 689 numine

1022 705 1110 738 Talis
1136 705 1325 736 ostenditur.

941 786 949 793 .
976 762 1083 794 Sacris
1110 761 1184 792 dum
1207 763 1300 792 vacat
1324 760 1449 799 studiiS‚

978 808 1140 841 Continuis
1166 808 1284 847 vigiliis

973 855 1059 887 Luce
1080 855 1178 886 missa
1203 855 1335 886 caelitus

976 903 1045 934 Vox
1070 902 1186 934 clamat
1212 902 1379 934 divinitus:

975 949 1059 980 Satis
1086 951 1143 988 est,
1170 950 1253 988 quod
1278 947 1441 989 laborasti,

974 996 1062 1027 Mete
1086 1003 1178 1036 nunc,
1206 996 1291 1035 quod
1315 993 1486 1027 seminasti.

936 1067 943 1074 .
976 1044 1097 1081 Corpus
1120 1042 1215 1073 inane
1238 1042 1401 1082 linquitur,

974 1090 1091 1121 Anima
1116 1089 1202 1120 caelo
1227 1089 1361 1128 rapitur,

976 1135 1119 1175 Galgano
1146 1136 1220 1168 dum
1245 1136 1292 1167 sic
1318 1136 1442 1167 dicitur.

1071 1277 1117 1308 In
1142 1275 1372 1307 Laudibus.

1090 1360 1184 1395 Super
1202 1360 1346 1387 Psalmos.

937 1454 944 1460 .
973 1428 1101 1460 Laudes
1126 1426 1236 1458 reddit
1260 1436 1354 1458 sanus
1380 1424 1484 1456 faetus

976 1475 1060 1506 Puer
1084 1474 1248 1518 parvulus,
1277 1476 1456 1505 contractus

974 1521 1123 1553 Manibus
1148 1524 1243 1560 atque
1267 1521 1412 1560 pedibus,

974 1568 1084 1600 Sancti
1111 1568 1245 1608 Gralgani
1269 1567 1428 1608 precibus.

1091 1651 1137 1679 Ad
1157 1652 1340 1679 Benedictus.

937 1742 944 1751 .
975 1719 1168 1751 Benedictus
1194 1727 1237 1757 es,
1264 1719 1409 1758 Domine,

974 1767 1034 1805 Qui
1058 1775 1190 1806 reparas
1215 1766 1249 1797 in
1272 1766 1400 1798 homine

1019 1814 1208 1854 Angelicum
1234 1814 1403 1852 excidium,

977 1861 1152 1902 Galganum
1179 1870 1261 1893 vana
1285 1869 1447 1901 spernere.

973 1910 1019 1941 Te
1043 1910 1144 1941 solum
1169 1909 1269 1940 Deum
1297 1916 1449 1949 quaerere

1023 1957 1162 1989 Tuorum
1189 1957 1305 1989 docens
1330 1956 1514 1996 praemium.

1099 2099 1161 2131 Ad
1182 2099 1333 2131 Horas.

1113 2183 1158 2211 Ad
1178 2184 1317 2212 Primam.

904 2254 945 2287 A.
976 2254 1127 2285 Reddens
1153 2252 1238 2283 vitae
1263 2260 1395 2290 puerum

1023 2300 1210 2332 Demersum
1235 2299 1269 2329 in
1293 2297 1389 2329 fluvio

977 2347 1104 2379 Solatur
1128 2348 1253 2385 patrem
1277 2346 1426 2378 miserum

1026 2393 1088 2425 Suo
1110 2393 1296 2432 patrocinio.
