1652 2615
250 225 399 265 Eximens
423 229 631 269 Theophilum

297 280 453 318 potestate
477 276 568 318 Ditis,

221 352 228 359 .
255 325 349 357 Salva
373 327 427 355 tua
452 331 507 355 nos
530 323 646 353 virtute

249 371 298 402 De
320 370 441 410 peccati
466 369 627 400 servitute.

219 452 226 459 .
251 427 357 465 Virgo,
385 426 478 456 decus
504 422 630 461 saeculi,

296 473 381 503 clara
403 471 497 501 stella
518 470 624 503 maris,

253 518 389 549 Pulchra
413 519 467 547 tua
490 516 611 554 species

298 563 400 603 fulgor
424 565 459 593 ut
482 562 611 601 lunaris,

251 611 434 641 Praeelecta
458 608 600 639 omnibus

296 659 329 687 ut
354 655 401 687 sol
425 654 597 693 luminaris,

210 730 217 736 .
247 702 448 733 Famulantes
474 700 532 732 tibi
556 706 650 732 nosce

248 748 292 779 Et
314 758 371 788 pro
396 748 483 779 nobis
509 747 609 778 Deum
633 753 735 784 posce.

217 832 223 838 .
250 804 304 843 Te,
331 812 422 843 quam
448 807 520 834 tuus
544 802 626 834 filius

296 851 341 881 nil
364 858 480 889 negans
503 849 645 887 honorat,

252 897 446 928 Christianus
467 895 601 935 populus

298 943 428 976 devotus
458 942 616 981 implorat,

252 989 346 1029 Virgo
372 993 480 1025 mater,
506 988 640 1026 impetra

300 1035 390 1076 illud,
417 1034 499 1073 quod
525 1036 642 1070 exorat,

213 1109 219 1115 .
249 1083 332 1114 Jnva
354 1090 450 1121 prece
472 1084 507 1112 tu
530 1084 681 1118 materna,

258 1129 345 1166 Quod
368 1128 498 1158 ducatur
522 1128 562 1158 ad
587 1130 722 1158 aeterna.

305 1221 350 1251 In
377 1221 407 1251 3.
435 1220 663 1251 Nocturno.

395 1283 586 1319 Antiphonae.

222 1359 228 1365 .
252 1330 324 1370 EJa,
350 1334 457 1373 mater,
485 1331 653 1371 gratulare,

252 1377 357 1416 Digna
381 1376 480 1408 Deum
506 1385 664 1417 generare,

255 1424 412 1455 Plaudant
436 1427 531 1465 astra,
557 1425 666 1462 solum,
693 1432 787 1455 mare.

226 1504 231 1509 .
258 1478 347 1509 Haec
368 1481 415 1509 est
438 1480 496 1511 illa
520 1480 598 1510 coeli
622 1483 722 1522 porta,

256 1525 319 1556 Per
344 1534 434 1564 quam
457 1526 550 1564 Justis
574 1526 627 1556 lux
653 1530 700 1557 est
717 1528 796 1564 orta,

256 1570 385 1603 Umbris
409 1572 482 1602 unis
507 1580 569 1603 non
595 1575 723 1604 retorta.

227 1655 233 1661 ,
259 1626 341 1657 Dum
367 1628 444 1658 haec
468 1628 555 1666 virgo
580 1628 774 1667 gravidatur,

256 1672 402 1705 Salutare
425 1674 592 1713 revelatur,

261 1720 320 1750 Per
345 1720 427 1759 quod
452 1721 566 1751 mundo
593 1721 677 1754 salus
696 1722 797 1754 datur.

392 1785 594 1820 Responsoria.

226 1859 232 1865 .
260 1832 283 1863 O
309 1832 430 1863 laterna
454 1831 584 1872 fulgida,

303 1879 335 1909 in
360 1887 421 1918 qua
441 1878 521 1909 illud
545 1879 648 1910 lumen

257 1923 402 1956 Gloriose
425 1925 526 1963 latuit,

306 1970 388 2009 quod
414 1972 492 2001 coeli
519 1979 664 2003 cacumen

262 2017 335 2048 Jam
356 2016 504 2053 illustrat,
531 2020 634 2051 omnia

306 2071 415 2102 regens
441 2064 508 2102 eJ'us
532 2073 661 2102 numen;

222 2137 227 2142 .
258 2109 327 2140 Tua
350 2117 444 2148 prece
468 2109 660 2150 adjuvemur,

259 2156 348 2194 Quod
372 2157 431 2187 hoc
444 2156 528 2187 idem
546 2159 801 2197 contemplemur.

228 2239 233 2246 .
261 2212 415 2244 Pulchrae
439 2212 520 2243 sicut
543 2214 683 2255 turturis,

306 2259 404 2298 virgo,
430 2261 502 2290 tuae
526 2267 633 2302 genae,

261 2305 380 2337 Collum
404 2307 440 2335 ut
463 2306 591 2337 monilia

308 2351 463 2384 fabricata
488 2353 576 2389 bene,

802 126 848 167 54

896 149 939 157 ι-ιι

923 226 1042 266 Quique
1067 230 1099 257 te
1121 222 1324 266 perspicient,

970 273 1169 304 exsultabunt
1192 272 1301 312 plene3

860 318 896 351 V.
923 319 989 350 Nos
1013 319 1146 350 admitte
1169 321 1201 349 te
1225 318 1345 356 videre,

863 422 894 452 3.

919 366 965 398 Ut
991 373 1139 404 queamus
1165 364 1372 402 congaudere.

922 421 946 452 O
972 419 1148 458 praerubra
1171 427 1252 461 rosa,

969 469 1069 496 mater
1092 464 1219 496 Domini
1245 464 1399 505 speciosa,

921 513 945 544 O
972 512 1059 552 virgo
1085 511 1179 552 mitis,

969 567 986 589 o
1012 557 1237 589 fecundissima
1261 557 1345 598 vitis,

926 605 1048 637 Clarior
1072 613 1196 644 aurora,

966 661 1023 690 pro
1048 651 1138 683 nobis
1164 650 1306 682 omnibus
1331 659 1396 691 ora,

926 700 972 732 Ut
994 699 1074 731 salvi
1098 698 1204 737 simus,

968 745 1028 777 hac
1053 746 1126 777 dum
1149 745 1188 776 de
1206 753 1300 775 carne
1317 744 1466 776 venimus,

1008 830 1025 861 1
1034 839 1056 860 n
1082 829 1110 862 L
1120 838 1168 860 au
1178 830 1200 861 d
1207 829 1220 860 i
1227 831 1247 862 b
1255 839 1307 862 us.

1030 904 1077 930 Ad
1104 903 1287 930 Benedictus.

892 986 899 992 .
926 960 975 991 Tu
999 963 1181 991 cunctorum
1207 968 1312 991 rerum
1336 962 1432 998 sator,

921 1007 1059 1037 Visitare
1083 1015 1150 1045 nos,
1179 1007 1335 1046 dignator,

920 1053 964 1084 Et
990 1053 1030 1084 (la
1053 1053 1145 1086 nobis
1167 1054 1356 1093 adjutricem

923 1100 1023 1131 Tuam
1044 1102 1186 1131 sanctam
1211 1101 1405 1139 genitricem,

922 1147 989 1185 Qua
1012 1146 1046 1177 in
1071 1155 1148 1185 pace
1174 1147 1356 1187 dirigamur,

924 1193 971 1225 Ut
992 1192 1034 1223 ad
1059 1193 1163 1224 coelos
1188 1194 1409 1232 perducamur.

1035 1277 1060 1308 P
1071 1285 1112 1307 er
1139 1276 1170 1308 H
1179 1286 1196 1308 ο
1206 1286 1222 1308 r
1231 1286 1283 1311 aS.

1060 1349 1104 1376 Ad
1123 1349 1261 1378 Primam.

886 1430 892 1436 .
920 1407 944 1439 Ο
970 1405 1075 1438 Maria
1098 1408 1303 1446 praedecora,

925 1452 1007 1484 Solis
1031 1453 1125 1485 stella
1149 1457 1181 1485 et
1204 1464 1328 1495 aurora,

924 1499 985 1530 Pro
1011 1500 1159 1540 peccatis,
1187 1502 1283 1532 corda
1307 1511 1390 1537 rora,

924 1546 970 1578 Ut
992 1544 1132 1585 fleamus,
1159 1548 1231 1578 dum
1257 1553 1305 1580 est
1331 1550 1416 1581 hora.

1059 1620 1105 1647 Ad
1124 1621 1261 1648 Tertiam.

926 1675 1045 1708 Christi
1066 1681 1178 1718 mater,
1204 1678 1292 1719 virgo
1316 1689 1406 1723 pura,

925 1722 1044 1754 Bonum
1070 1723 1164 1755 finem
1189 1725 1279 1757 nobis
1306 1736 1391 1767 cura,

925 1769 975 1801 Ne
1001 1770 1183 1803 damnemur
1206 1773 1239 1804 in
1265 1782 1396 1806 censura

928 1817 1062 1855 Propter
1087 1819 1185 1850 nostri
1209 1820 1284 1851 mali
1305 1822 1388 1860 J'ura.

1066 1890 1111 1918 Ad
1131 1890 1255 1920 Sextam.

890 1970 898 1978 .
928 1947 952 1978 Ο
977 1948 1142 1986 praeclara
1166 1950 1263 1981 maris
1287 1952 1389 1996 stella,

926 1993 1032 2024 Mater
1056 1994 1126 2034 Dei,
1154 1997 1241 2028 verbi
1267 1999 1356 2040 cella,

927 2039 976 2071 Tu
999 2049 1058 2078 pro
1082 2041 1173 2073 nobis
1196 2043 1378 2086 interpella

924 2086 974 2117 Ne
997 2086 1136 2119 involvat
1161 2098 1217 2121 nos
1242 2093 1392 2129 procella.

1073 2161 1116 2188 Ad
1136 2162 1259 2191 Nonam.

892 2242 898 2248 .
926 2218 1130 2257 Praesignata
1153 2221 1243 2262 virga
1266 2224 1366 2269 Jesse‚

928 2265 1046 2296 Montis
1071 2266 1145 2297 Sion
1170 2276 1187 2299 ο
1214 2277 1371 2315 cypresse‚

929 2311 1015 2343 Velis
1040 2321 1164 2352 semper
1188 2318 1222 2347 tu
1246 2318 1358 2351 adesse

930 2357 1039 2398 Nobis,
1066 2369 1116 2399 qu
1110 2360 1139 2391 'a
1163 2365 1211 2394 est
1234 2373 1371 2402 necesse
