1652 2615
215 1235 317 1269 sputis.
333 1248 369 1253 —
389 1232 430 1261 In
449 1231 474 1259 2.
490 1233 592 1268 Vesp.
612 1233 649 1259 ad.
659 1233 750 1268 Magn

739 162 784 169 -ν-
835 143 900 179 135

287 237 325 269 In
349 238 450 270 sinum
474 239 657 280 collocatur,

287 283 463 323 Sepulchro
490 287 743 328 commendatur;

288 332 429 372 Virginis
453 332 484 363 hi
511 335 631 372 septem

333 378 444 411 matris
469 382 552 419 sunt,
580 388 663 420 ecce,
689 381 823 413 dolores.

358 474 401 505 In
428 474 457 507 2.
482 474 589 513 Vesp
602 474 696 507 eris.

430 547 626 583 Antiphonae.

254 629 259 634 .
288 603 380 635 Jesus
406 606 479 637 dum
505 613 598 636 cruce
622 605 766 644 moritur,

288 652 393 682 Astris
420 651 545 690 eclipsis
572 652 681 694 oritur,

334 698 476 729 Discissa
498 701 593 737 petra
616 699 755 738 tremuit,

287 744 359 776 Jam
384 745 496 783 templi
519 746 623 776 velum
648 746 813 788 scinditur,

288 792 368 831 Styx
391 792 502 830 ululat,
531 793 604 824 dum
629 791 770 830 finditur,

335 839 454 871 Dolens
479 841 572 878 pater
595 840 756 879 ingemuit.

256 921 261 927 .
287 896 384 927 Miles
410 896 522 928 videns
547 899 637 928 tanta
658 896 759 936 signa,

289 943 396 975 Verba
420 942 545 981 profert
567 943 664 975 laude
689 943 801 982 digna:

334 991 398 1023 Hic
423 992 471 1021 est
493 989 555 1021 Dei
579 989 679 1029 filius,

287 1038 485 1069 Assistentes
510 1037 589 1068 haee
615 1037 758 1068 videntes

288 1084 385 1116 Suum
410 1087 521 1124 pectus
546 1086 622 1115 tunc
644 1084 823 1123 tundentes,

330 1131 457 1172 Plangit
482 1134 583 1162 mater
606 1131 739 1163 tristius

909 242 941 274 3.
967 240 1046 272 Inde
1069 237 1185 270 milites
1210 238 1373 276 venerunt,

968 286 1068 319 Crura
1091 285 1246 317 latronum
1272 282 1446 323 fregerunt,

1015 334 1153 365 Pareunt
1176 332 1196 364 J
1199 340 1253 363 esu
1278 330 1432 371 cruribus,

967 381 1047 421 Quia
1069 381 1224 412 mortuum
1251 378 1408 417 viderunt,

968 429 1009 461 Os
1034 428 1080 459 sie
1104 435 1166 458 non
1192 426 1450 464 comminuerunt,

1013 475 1109 506 Dolet
1132 476 1233 504 mater
1251 472 1405 512 pluribus,

965 558 1080 590 Manus
1104 556 1214 588 militis
1240 558 1368 587 extenta

966 605 1058 637 Nova
1081 606 1224 644 praestat
1247 605 1445 635 sacramenta

1013 653 1139 684 Lancea
1163 651 1308 689 aperiens

967 699 1065 731 Latus
1089 698 1218 736 Christi,
1244 698 1370 737 sanguis
1395 696 1474 736 fluit,

967 750 1067 786 Aqua,
1093 745 1140 777 sic
1163 745 1216 775 lex
1241 747 1329 775 vetus
1354 745 1428 784 ruit,

1013 794 1107 832 Virgo
1131 790 1168 822 fit
1191 794 1228 822 ut
1250 791 1387 830 pariens,

932 902 939 908 .
965 875 1084 916 Joseph
1110 875 1191 906 adiit
1214 875 1361 916 Pilatum,

968 923 1089 963 Corpus
1114 923 1191 955 Jesu
1214 922 1417 960 impetratum

1014 969 1160 1002 Patibulo
1188 969 1344 1008 deposuit,

965 1018 1071 1057 Ipsum
1097 1018 1199 1047 mater
1223 1014 1430 1054 lacrimando,

965 1064 1120 1096 Dolorose
1145 1063 1316 1094 osculando

1012 1110 1115 1150 Super
1139 1110 1242 1141 sinum
1265 1110 1382 1148 posuit.

290 1196 373 1223 Brev.
394 1195 620 1230 Ultrajeetinum
642 1196 711 1230 imp.
735 1194 835 1222 Gudae
862 1191 943 1221 1508.
964 1208 1001 1212 —-
1025 1193 1075 1220 Ad
1095 1192 1145 1220 No
1155 1195 1197 1219 et.
1222 1190 1242 1217 R
1265 1190 1296 1225 2,
1318 1191 1334 1219 5
1355 1192 1460 1219 Foedis
1481 1208 1516 1218 ι.-

754 1253 758 1258 .
779 1230 800 1257 Α
818 1231 977 1266 prosaiseh.
993 1245 1028 1250 ——
1042 1231 1193 1264 Hymnen:
1211 1230 1247 1256 In
1263 1228 1288 1256 1.
1299 1230 1399 1265 Vespa
1419 1230 1516 1256 Maria

214 1273 307 1298 mater
327 1272 421 1298 doluit
439 1269 533 1304 (Anal.
549 1270 615 1304 XII,
635 1268 694 1304 65);
717 1270 753 1296 ad
769 1269 924 1305 Complet.:
944 1269 1058 1295 Mariae
1076 1268 1127 1304 pia
1146 1269 1262 1294 viscera
1275 1266 1370 1301 (Anal.
1384 1267 1452 1300 ΧΠ,
1468 1265 1513 1298 ’56)

655 1361 704 1392 43.
728 1361 770 1391 De
791 1359 1002 1400 compassione
1022 1358 1110 1390 BMV.

345 1434 393 1465 In
418 1431 446 1465 1.
474 1432 691 1470 Vesperis.

393 1506 486 1541 Super
505 1505 646 1533 Psalmos.

212 1566 251 1597 A.
282 1565 345 1596 Per
370 1564 610 1602 amaritudines,

332 1612 430 1652 virgo,
458 1620 536 1650 quas
561 1609 713 1648 habebas,

283 1659 368 1690 Dum
395 1658 587 1698 pendentem
611 1656 710 1688 filium

330 1707 361 1737 in
389 1714 482 1738 eruce
506 1704 650 1743 videbas,

285 1754 329 1786 Ut
352 1753 527 1792 abstergas,
553 1752 702 1791 petimus,

331 1802 534 1840 peccatorum
559 1799 677 1838 glebas.

245 1904 251 1910 .
281 1877 398 1909 Sancta
422 1877 524 1908 mater
548 1875 626 1908 Jesu
651 1873 779 1913 Christi,

282 1925 320 1957 In
347 1925 457 1956 dolore
481 1931 562 1963 quae
586 1921 686 1962 fuisti,

281 1972 366 2004 Dum
385 1972 419 2003 in
445 1979 538 2002 cruce
564 1970 704 2002 elevatus

279 2020 356 2052 Fuit
381 2022 452 2051 tuus
479 2018 581 2050 dulcis
606 2019 711 2057 natus,

279 2068 359 2107 Ejus
385 2067 522 2108 quinque
544 2065 717 2098 vulnerinis

280 2115 346 2148 Nos
373 2113 510 2147 defende
535 2123 553 2145 a
579 2111 690 2155 ruinis,

208 2164 247 2197 V.
276 2163 327 2195 Ne
357 2172 414 2195 nos
439 2161 539 2193 hostis
564 2160 672 2192 trahat
695 2169 818 2200 saevus,

276 2211 343 2245 Ubi
370 2211 461 2242 dolor
485 2211 594 2240 manet
617 2216 726 2240 aevus.

400 2303 446 2331 Ad
464 2302 646 2338 Magnificat-

210 2364 251 2396 A.
282 2362 367 2405 Tibi,
390 2361 501 2393 mundi
524 2360 661 2400 domina,

332 2410 420 2450 virgo
445 2409 593 2448 gloriosa,

892 2197 932 2228 V.

964 1431 1046 1462 Prae
1072 1430 1183 1461 dolore
1207 1429 1324 1468 palluit

1012 1475 1115 1508 forma
1140 1476 1294 1514 speciosa,

966 1524 1039 1556 Cum
1068 1523 1199 1556 videbas
1222 1521 1322 1554 filium

1013 1574 1139 1611 captum
1162 1579 1182 1601 a
1206 1570 1350 1610 Judaeis,

965 1619 1112 1651 Vinctum
1137 1626 1258 1659 manus,
1284 1617 1437 1649 traditum

1013 1666 1054 1697 ad
1081 1673 1205 1696 erucem
1229 1673 1288 1703 pro
1313 1664 1388 1704 reis,

965 1714 1102 1752 Compar
1126 1712 1201 1744 hinc
1221 1712 1386 1742 molestiae

1012 1759 1188 1791 molestatis
1215 1758 1311 1789 crede

964 1808 1009 1839 Et
1032 1817 1091 1847 pro
1116 1806 1209 1837 nobis
1231 1806 1361 1848 Jugiter,

1011 1855 1075 1895 pia,
1101 1853 1276 1886 intercede.

992 1940 1052 1971 Ad
1080 1937 1421 1977 Completorium.

963 2006 1029 2038 Nos
1055 2015 1074 2037 a
1098 2004 1190 2036 malis
1215 2004 1325 2036 subtus
1351 2004 1410 2035 alis

1012 2054 1100 2094 Tuis,
1126 2052 1227 2091 virgo,
1249 2052 1358 2091 tegito,

964 2101 1095 2133 Manum
1120 2100 1217 2131 tende
1242 2102 1274 2130 et
1300 2097 1438 2131 defende

1011 2148 1077 2180 Nos
1104 2155 1174 2178 cum
1199 2150 1273 2178 nato
1300 2146 1420 2183 inclito,

963 2195 1012 2227 Ne
1038 2195 1177 2227 crudelis
1204 2194 1269 2225 suis
1292 2194 1365 2225 telis

1012 2242 1123 2275 Hostis
1146 2251 1205 2273 nos
1229 2241 1395 2279 surripiat.

1051 2309 1098 2337 Ad
1116 2307 1203 2335 Nune
1223 2305 1357 2332 dimittis.

965 2359 1011 2392 Ut
1035 2352 1077 2390 ad
1101 2357 1234 2387 mortem
1259 2353 1401 2393 vigilavit

964 2406 1050 2438 Tuus
1076 2405 1168 2436 natus
1194 2405 1227 2433 et
1250 2401 1364 2441 oravit,
