1652 2615
706 144 962 179 —154—

205 243 236 274 3.
261 241 366 273 Mater
389 248 504 281 parens
529 239 656 279 Christi,

306 289 340 319 in
363 289 450 319 luctu
473 287 547 318 dum
571 286 729 327 exstitisti,

260 335 305 366 Es
332 333 490 366 consolata

307 390 365 420 per
389 379 486 412 verba
509 378 566 411 filii
586 380 686 418 grata,

261 427 314 459 Sic
338 426 553 458 commendata

307 472 470 511 discipulo,
496 472 584 510 virgo
609 470 711 502 beata.

190 522 227 552 V.
257 520 300 551 Et
323 523 366 559 tu,
392 520 492 549 mater
515 518 578 559 pia,

304 569 357 597 tuo
382 568 456 596 nato
480 573 536 595 nos
559 563 788 595 recommenda.

345 659 390 691 In
414 656 641 688 Laudibus.

390 730 582 765 Antiphonae.

201 791 230 821 1.
257 789 352 821 Fides
377 788 500 820 Mariae
523 787 653 827 virginis

304 836 494 873 Consumpta
516 835 593 867 Jesu
617 834 763 873 passione

255 882 402 914 Excessit
424 881 512 912 sidus
536 881 741 920 apostolicum

304 927 460 961 Immobili
488 927 686 959 adhaesione.

201 987 231 1018 2.
255 984 352 1016 Fides
376 983 499 1015 Mariae
527 983 621 1014 latuit

302 1032 340 1063 In
366 1030 483 1062 Christi
506 1031 615 1061 mortis
637 1031 752 1073 triduo,

256 1079 292 1110 In
316 1078 418 1108 lucem
441 1077 568 1108 tandem
593 1077 714 1116 prodiit

302 1123 475 1163 Multiplici
499 1124 659 1156 miraculo,

200 1182 231 1213 3.
257 1179 428 1218 Discipulis
452 1179 671 1209 recedentibus

302 1225 407 1257 Maria
434 1225 620 1263 perduravit

255 1272 384 1303 Stabilis
408 1271 441 1302 in
465 1269 538 1312 fide,

303 1318 355 1350 Sic
378 1318 450 1349 illos
476 1318 630 1351 educavit.

197 1376 228 1408 4.
251 1374 348 1405 Fides
375 1373 529 1405 catholica

300 1420 434 1459 Recepit
456 1422 531 1450 tunc
554 1420 788 1464 incrementum,

253 1467 335 1498 Dum
359 1467 447 1507 virgo
471 1466 631 1498 theotocos

298 1514 411 1544 Tenuit
436 1510 684 1546 fundamentum.

875 242 906 272 5.
932 239 978 270 Te
1001 240 1192 278 invocamus,
1218 249 1236 271 ο
1264 240 1356 271 beata

979 286 1146 318 Potissime
1157 287 1199 318 ad
1209 287 1295 318 vitae
1300 286 1481 323 terminum,

933 333 1093 365 Conserva
1114 342 1171 364 nos
1194 333 1228 364 in
1252 332 1317 364 fide
1341 335 1439 374 grata,

977 379 1135 434 Dewmn
1159 379 1219 410 tibi
1243 380 1403 418 populum.

1046 460 1092 488 Ad
1111 461 1293 488 Benedictus.

858 522 898 552 A.
931 519 955 551 O
981 519 1091 550 mundi
1112 518 1235 557 lampas

928 566 972 597 Et
995 565 1165 606 margarita
1189 564 1399 605 praefulgida,

929 612 1014 651 Quae
1037 613 1072 643 in
1096 615 1196 643 morte
1220 611 1278 643 filii
1303 612 1469 644 obfuscata

928 659 1032 691 Fuisti
1057 662 1090 690 et
1114 660 1334 691 commendata

926 706 1102 746 Discipulo,
1131 704 1306 738 reformata

926 753 1098 791 Exstitisti,
1124 752 1239 794 Maria,

927 800 1033 831 Mater
1058 799 1177 833 Christi
1201 808 1325 838 semper
1347 800 1411 839 pia,

925 846 1099 878 Exoratrix
1127 855 1186 885 pro
1211 846 1303 877 nobis
1327 855 1382 877 ora

926 894 979 924 Ad
1003 893 1116 932 Deum,
1143 893 1196 932 qui
1220 896 1253 923 te
1277 894 1380 933 elegit.

990 1035 1035 1065 In
1061 1036 1092 1066 2.
1120 1032 1337 1072 Vesperis.

1049 1124 1095 1152 Ad
1114 1124 1292 1160 Mag-nificat.

889 1217 895 1224 .
927 1191 951 1223 O
976 1191 1080 1222 lumen
1107 1191 1266 1231 ecclesiae,

972 1238 1126 1276 Christus,
1159 1246 1251 1269 verus
1278 1238 1372 1279 Deus,

925 1284 1065 1315 Moriens
1092 1284 1125 1314 in
1153 1293 1245 1315 cruce

972 1331 1039 1362 Nec
1063 1334 1185 1371 peccati
1210 1340 1293 1371 reus,

924 1377 1059 1409 Matrem
1085 1377 1145 1408 tibi
1170 1379 1387 1410 condolentem

973 1424 1088 1456 Vidisti
1112 1424 1144 1455 in
1169 1425 1297 1465 populo,

925 1469 1024 1508 Quam
1049 1471 1138 1511 quasi
1162 1472 1347 1503 morientem

972 1517 1204 1549 Commendasti
1226 1519 1394 1558 discipule

256 1577 374 1612 Antiph.
399 1584 450 1604 ms.
472 1576 655 1604 Calcariense
680 1586 754 1605 saec.
777 1577 820 1606 16.
862 1579 929 1607 Cod.
952 1581 1038 1608 Arch-
1060 1581 1218 1609 Calcarien.
1239 1584 1273 1610 A.
1300 1581 1344 1610 14.
1372 1598 1407 1602 —
1432 1585 1474 1611 In

185 1613 209 1642 1.
228 1615 330 1650 Vesp.
352 1613 374 1640 Α
396 1612 425 1646 3,
447 1611 464 1640 3
485 1617 548 1641 erat
568 1616 693 1649 erganzt.
714 1630 750 1634 -
771 1615 792 1642 Α
812 1616 845 1650 4,
865 1615 882 1645 3
904 1626 967 1645 eam
987 1620 1112 1655 ergfinzt.
1133 1634 1169 1637 —
1184 1620 1230 1647 Ad
1249 1621 1332 1648 Noct.
1355 1619 1375 1646 R
1400 1620 1433 1655 1,
1454 1619 1472 1646 8

184 1661 236 1687 per
249 1655 370 1679 mortem
382 1652 525 1678 miseram.
542 1666 579 1671 —-
599 1651 620 1677 R
641 1650 667 1685 3,
689 1651 705 1680 6
726 1662 756 1680 es
770 1656 860 1690 virgo.
875 1671 911 1675 —
937 1654 957 1681 R
978 1653 1004 1689 3,
1027 1654 1045 1683 8
1065 1657 1241 1684 commenda.
1263 1674 1301 1678 —
1321 1659 1473 1692 Hymnon:

183 1690 219 1716 Iu
240 1688 264 1716 1.
277 1690 378 1724 Vespa
397 1690 569 1724 Imperatrix
588 1690 757 1718 clementiae
774 1692 872 1727 (Mene
885 1693 923 1726 Π,
940 1691 1004 1728 139)
1023 1695 1105 1722 oder:
1127 1694 1231 1722 Lauda
1243 1698 1336 1723 mater
1351 1697 1476 1723 ecclesia

180 1726 275 1761 (Anal.
297 1728 348 1759 xi,
371 1726 425 1761 65).

572 1846 620 1877 50.
651 1847 693 1878 De
713 1849 829 1887 septem
851 1848 975 1881 Gaudiis
995 1850 1081 1882 BMV.

316 1916 363 1947 In
392 1916 422 1948 1,
449 1915 663 1954 vesperis.

393 1989 586 2023 Antiphonae.

195 2036 225 2068 1.
250 2035 352 2075 Salve,
377 2038 478 2067 mater
501 2038 664 2078 castitatis,

253 2082 368 2113 Lilium
391 2082 588 2122 humilitatis,

297 2129 430 2160 Virtutis
455 2132 487 2159 et
509 2129 648 2171 honoris,

249 2176 298 2207 Tu
321 2184 441 2215 gemma
464 2176 647 2217 pudicitiae,

249 2222 335 2254 Fons
365 2225 397 2253 et
419 2225 529 2262 portus
552 2224 701 2264 laetitiae,

297 2270 468 2302 Paradisus
493 2271 620 2304 amoris„

193 2328 224 2359 2.
251 2326 356 2367 Salve,
382 2328 484 2357 mater
508 2335 526 2358 ο
550 2327 664 2368 Maria,

245 2373 366 2413 Dulcis,
393 2374 528 2405 clemens
554 2377 648 2414 atque
671 2376 734 2418 pia,

971 1919 1088 1951 Salutis
1115 1920 1249 1960 initium,

924 1965 1038 1998 Mortis
1063 1966 1212 2006 pabulum
1238 1969 1352 2008 vicisti,

924 2012 1026 2052 Caput
1050 2014 1117 2052 eJ'us
1143 2016 1320 2047 contrivisti

970 2059 1013 2091 Et
1038 2069 1130 2092 omne
1153 2062 1353 2101 supplicium.

866 2145 896 2177 3.
923 2144 1025 2188 Salve,
1051 2148 1152 2177 mater
1176 2155 1337 2191 generosa,

921 2191 1067 2223 Rutilans
1097 2201 1134 2223 ac
1158 2194 1303 2232 speciosa

969 2239 1050 2270 Prae
1073 2238 1149 2271 filiis
1175 2240 1345 2284 hominum,

923 2285 981 2324 Qui
1005 2288 1038 2317 te
1063 2287 1184 2318 creavit
1206 2290 1351 2331 provide,

923 2332 1066 2364 Lactasti
1094 2342 1184 2366 sacro
1207 2335 1306 2368 ubere

969 2379 1163 2412 Salvatorem
1191 2384 1338 2418 omnium.
