1652 2615
719 168 757 173 -
810 150 960 184 160—

390 244 435 273 Ad
455 244 485 270 M
488 243 630 278 agnificat.

201 303 240 333 A.
274 302 394 342 Gaude,
421 302 518 342 virgo,
544 309 623 340 quae
646 300 778 340 gravida

270 349 372 380 Deum
395 348 480 390 paris
505 356 567 379 non
592 346 736 385 dolendo,

270 395 338 427 Nec
363 404 395 427 es
420 394 531 425 effecta
555 393 671 432 cupida

268 442 360 474 Dona
382 449 490 480 regum
515 440 712 471 assumendo.

270 488 389 528 Gaude,
415 487 498 526 quod
523 486 666 518 Christus
688 485 793 517 infera

266 534 378 574 Fregit
402 535 432 565 et
456 533 581 564 scandit
605 533 750 572 aethera3

268 580 387 621 Gaude,
413 580 496 619 quod
521 579 607 610 misit
629 588 759 611 munera

266 628 304 660 In
330 626 483 667 disposita
503 626 643 666 viscera3

267 673 386 714 Gaude,
412 681 546 713 regnans
568 673 602 704 in
627 673 727 713 gloria

267 720 368 761 Super
392 728 497 752 omnes
522 720 717 759 imperatrix,

268 767 361 806 Cujus
385 769 490 799 manet
514 767 665 798 memoria

266 814 454 846 Cunctorum
479 813 670 847 auxiliatrix,

322 937 382 968 Ad
407 935 671 968 Matutinum.

395 1010 606 1037 Invitatorium.

266 1067 387 1110 Venite,
415 1066 662 1105 congaudeamus

310 1113 370 1145 Pro
399 1112 522 1153 gaudiis
548 1112 664 1144 Christi
688 1113 809 1152 matris,

263 1161 300 1192 In
331 1160 418 1199 cuius
443 1167 499 1197 spe
523 1159 714 1198 respiramus

311 1206 348 1237 In
372 1205 481 1237 mundi
504 1205 653 1244 procellis
678 1206 765 1239 atris,

323 1328 370 1358 In
396 1328 425 1360 1.
452 1326 677 1359 Nocturno.

401 1399 595 1435 Antiphonae.

205 1459 236 1490 1.
264 1457 339 1489 Cum
364 1456 493 1490 Gabriel
516 1458 681 1488 annuntiat

308 1504 406 1535 Verbi
430 1504 672 1546 conceptionem,

262 1551 358 1590 Virgo
382 1552 483 1581 mater
506 1550 663 1589 tripudiat

307 1598 441 1637 Propter
464 1597 719 1635 redemptionem.

206 1655 236 1686 2.
264 1653 388 1685 Gaudet
412 1652 533 1684 clausus
558 1653 590 1683 in
614 1656 704 1684 utero

310 1699 453 1731 Salutata
477 1699 606 1738 virgine,

262 1746 357 1785 Virgo
383 1746 557 1785 congaudet
577 1755 674 1785 puero

306 1793 440 1833 Repleto
465 1793 646 1831 spiramine.

204 1850 234 1881 3.
261 1850 337 1882 Orto
361 1849 428 1880 sole
449 1848 591 1887 Justitiae

307 1895 357 1927 De
384 1895 478 1927 stella
499 1895 640 1936 virginea

261 1942 363 1974 Datur
392 1950 485 1976 causa
509 1942 649 1974 laetitiae

308 1988 513 2028 Sperantibus
542 1989 576 2020 in
602 1998 647 2023 ea.

320 2111 366 2143 In
388 2112 419 2143 2.
446 2110 674 2144 Nocturno.

402 2184 593 2219 Antiphonae.

204 2243 233 2275 1.
259 2243 342 2274 Dum
368 2242 496 2274 offertur
520 2241 667 2282 Simeoni,

305 2290 364 2328 Qui
389 2288 552 2321 benedixit
576 2298 655 2328 eum,

256 2338 501 2369 Praeconizatur
527 2345 600 2376 spes
624 2337 707 2380 boni,

303 2385 392 2424 Quod
417 2383 536 2415 cunctis
563 2387 611 2416 est
634 2385 789 2419 melleum.

886 245 917 276 2.
945 245 1067 283 Quanto
1092 247 1221 285 gestivit
1244 247 1358 287 gaudio

988 292 1093 332 Magis
1118 293 1335 333 adorantibus,

944 337 1152 370 Offerentibus
1176 339 1242 371 filio

987 386 1037 417 De
1061 386 1126 417 suis
1149 386 1342 420 muneribus,

885 451 916 482 3.
942 450 1039 489 Virgo
1067 451 1176 481 dolens
1200 451 1380 489 passionem

990 496 1174 536 Congaudet
1199 497 1386 536 resurgenti,

941 543 999 581 Qui
1026 544 1081 575 dat
1104 544 1370 582 incorruptionem

987 591 1128 622 Devotae
1153 590 1215 622 sibi
1239 591 1334 630 genti.

999 721 1045 753 In
1070 723 1101 754 3.
1127 721 1185 753 No
1198 723 1359 755 cturn0.

1071 804 1264 840 Antiphonae.

881 862 912 893 1.
941 861 1068 893 Gaudet
1091 862 1190 902 virgo,
1218 863 1291 894 dum
1315 863 1455 903 adspicit

985 909 1219 940 Ascendentem
1243 910 1285 941 ad
1311 910 1415 942 caelos

936 955 980 987 Et
1006 956 1079 987 dum
1104 964 1205 996 prope
1228 965 1263 987 se
1287 957 1441 996 prospicit

984 1002 1203 1042 Colloquentes
1226 1004 1365 1044 angelos.

880 1069 910 1101 2.
937 1067 1037 1099 Beata
1060 1069 1155 1099 matri
1179 1069 1295 1108 gaudia

983 1113 1115 1146 Influxit
1137 1116 1322 1156 paraclitus,

937 1160 1111 1193 Conferens
1137 1162 1220 1194 dona
1243 1163 1378 1203 grandia

981 1208 1102 1247 Illapsa
1127 1209 1287 1240 divinitus.

878 1274 909 1305 3.
936 1271 1013 1304 Cum
1037 1274 1179 1313 genetrix
1205 1275 1362 1306 exaltatur

980 1319 1033 1351 Ad
1057 1319 1117 1351 filii
1142 1321 1314 1361 dexteram,

935 1367 1033 1398 Totus
1059 1367 1146 1398 orbis
1171 1369 1349 1407 gratulatur

979 1412 1135 1454 Effugisse
1163 1423 1341 1455 perperam.

1025 1546 1073 1577 In
1098 1545 1329 1580 Laudibus.

1078 1638 1272 1673 Antiphonae.

877 1694 907 1726 1.
935 1694 1058 1726 Novum
1084 1696 1223 1728 causavit
1247 1698 1395 1737 gaudium

935 1741 1130 1781 Completum
1160 1744 1342 1775 vaticinium

980 1787 1136 1821 Jeremiae
1162 1791 1347 1832 prophetae,

935 1834 1011 1866 Cum
1039 1834 1157 1868 femina
1182 1837 1391 1871 circumdedit

934 1881 1052 1922 Virum,
1079 1883 1132 1922 qui
1156 1885 1306 1916 mundum
1331 1888 1457 1919 excedit

978 1928 1023 1959 Et
1044 1929 1198 1968 gubernat
1224 1931 1369 1966 discrete.

876 1995 906 2026 2.
932 1994 1085 2033 Angelico
1110 1996 1251 2035 tripudio

931 2041 994 2072 Pro
1019 2044 1093 2073 nato
1115 2042 1177 2074 Dei
1200 2042 1267 2075 filio

980 2087 1162 2128 Congaudet
1185 2090 1274 2131 virgo
1299 2098 1412 2135 mater,

932 2134 1017 2172 Quae
1038 2136 1202 2169 materiam
1226 2138 1348 2179 tribuit,

931 2181 1030 2220 Quam
1055 2183 1192 2222 genitam
1219 2185 1370 2227 exhibuit,

978 2228 1023 2260 Ut
1048 2234 1130 2261 esset
1151 2233 1259 2263 noster
1283 2232 1393 2268 frater.

873 2295 904 2327 3.
929 2294 1135 2335 Resurgentis
1160 2298 1292 2331 victoria

931 2341 1037 2381 Lapsa
1060 2344 1170 2376 mortis
1194 2348 1345 2381 memoria

976 2389 1143 2422 Laetificat
1172 2393 1320 2438 Mariam,
