1652 2615
731 149 977 185 —261—

410 243 619 279 Responsoria.

243 313 252 322 .
276 290 429 322 Exsultat
453 294 548 331 atque
569 293 686 331 jubilat

323 338 403 370 Cum
428 339 549 378 angelis
572 339 677 383 beata,

275 384 314 415 In
341 385 425 416 omni
452 386 547 418 choro
574 387 717 418 concinat

322 431 413 463 Haec
437 442 457 464 a
480 432 548 465 Deo
576 436 691 475 amata,

274 477 346 509 Non
373 481 422 510 est
445 480 541 520 ultra,
567 480 651 519 quod
678 480 781 519 cupiat

323 526 374 557 Ita
398 525 594 566 glorificata3

235 598 242 604 .
275 572 352 604 Cum
378 573 531 611 apostolis
556 573 681 605 habitat

275 619 452 658 Praecipue
477 623 509 651 et
535 620 647 652 rutilat

321 667 414 699 Beati
438 667 526 699 Petri
550 670 637 699 nata.

242 748 249 755 .
276 722 401 754 Nomen
424 725 519 754 natae
544 722 681 755 sollicite

321 769 437 801 Manus
463 771 552 802 Petri
574 770 779 810 scripserunt,

275 816 511 848 Dilectissimae
527 816 624 858 filiae,

327 863 381 895 Sic
403 863 517 895 literae
542 864 700 903 dixerunt,

277 911 369 942 Haec
393 919 508 942 aureae
531 911 686 950 reliquiae

325 958 519 989 Petronillae
541 957 679 997 fuerunt,

238 1031 244 1037 .
275 1004 322 1036 Ut
345 1014 455 1037 manus
481 1005 675 1044 apostolicae

275 1051 320 1083 Et
345 1055 452 1083 terrae
478 1055 581 1084 motus
606 1051 733 1090 publice

324 1098 424 1130 Nobis
450 1098 710 1139 propalaverunt.

242 1181 248 1186 .
275 1154 300 1186 O
325 1154 429 1186 sancti
452 1154 541 1186 Petri
563 1153 641 1193 filia,

323 1201 498 1233 Petronilla
522 1202 623 1242 beata,

276 1248 420 1287 Oramus,
447 1248 491 1279 sis
516 1249 549 1279 in
574 1247 676 1286 gloria

323 1296 386 1327 Pro
410 1295 501 1325 nobis
527 1294 691 1333 advocata,

278 1342 365 1381 Quae
386 1339 432 1373 ibi
457 1341 639 1380 primiceria

324 1388 424 1420 Sedes
449 1388 642 1429 glorificata3

238 1462 245 1469 .
274 1436 323 1467 Tu
346 1436 401 1477 ibi,
428 1444 445 1466 o
471 1435 678 1475 sanctissima,

274 1483 387 1522 Magni
410 1482 567 1522 principis
589 1480 667 1522 filia,

324 1531 352 1561 A
379 1529 500 1561 cunctis
526 1530 689 1561 honorata.

364 1616 409 1648 In
435 1614 670 1647 Laudibus.

421 1679 530 1715 Antiph
535 1687 618 1707 onae.

242 1754 249 1761 .
275 1728 353 1760 Post
375 1730 510 1760 matrem
533 1727 596 1760 Dei
619 1725 726 1760 floruit

277 1776 385 1816 Virgo,
412 1784 504 1815 quam
529 1776 616 1808 Deus
642 1776 741 1808 voluit

324 1823 501 1863 Secumque
527 1822 702 1863 collocavit,

276 1871 352 1911 Ipsa
378 1873 426 1902 est
449 1870 634 1910 primiceria

276 1918 452 1951 Petronilla
475 1918 509 1949 in
532 1918 643 1958 gloria,

324 1966 365 1998 In
388 1974 451 2006 qua
474 1965 561 1997 Deus
587 1965 742 2005 regnavit.

243 2049 250 2056 .
277 2023 371 2055 Nunc
393 2022 490 2063 plene
514 2022 648 2054 laudant
661 2021 830 2053 Dominum

275 2071 408 2103 Puellae
429 2069 460 2101 in
489 2069 681 2101 consortium

325 2118 403 2153 Cum
428 2116 605 2150 Petronilla
625 2118 755 2154 stanteS,

276 2166 339 2198 Dei
364 2165 447 2197 enim
472 2167 545 2196 sunt
570 2166 717 2207 populus,

276 2213 322 2245 Et
345 2213 486 2253 ipsorum
514 2215 562 2244 est
585 2211 750 2249 Dominus,

326 2261 363 2292 In
389 2268 450 2300 quo
477 2262 550 2291 sunt
571 2258 758 2297 jubilantes.

224 2320 255 2352 3.
280 2317 459 2351 Laetantur
483 2316 517 2348 in
543 2323 604 2357 quo
629 2315 761 2347 audiunt

282 2364 327 2396 Et
349 2372 475 2403 semper
499 2362 616 2395 festum
641 2361 762 2396 faciunt

327 2411 532 2443 Petron-illam
559 2414 725 2450 sequentes

953 246 998 278 Et
1021 244 1183 277 abundant
1209 243 1376 275 dulcedine

955 292 1085 333 Semper
1108 292 1140 323 in
1164 290 1226 324 Dei
1250 289 1335 322 facie

1001 340 1149 378 Virgines
1173 338 1384 370 intendentes.

924 421 932 428 .
958 396 1029 428 Nisi
1054 395 1141 427 Deus
1166 394 1322 427 tribueret

955 444 1061 483 Atque
1087 443 1198 482 dignos
1223 451 1279 473 nos
1305 440 1425 473 faceret

1003 489 1130 521 Meritis
1160 489 1363 528 Petronillae,

956 537 1049 569 Nunc
1073 536 1107 566 in
1132 535 1271 567 fornacis
1296 534 1400 567 medio

955 582 1070 615 Mundi
1094 582 1186 621 huJ'us
1210 582 1356 614 incendio

999 629 1184 661 Adurerent
1206 627 1346 662 favillae.

924 711 930 718 .
956 687 1078 725 Lauda,
1106 686 1220 717 devota
1243 686 1357 728 anima,

956 732 1059 764 Deum
1087 741 1155 763 cum
1180 732 1269 765 Petri
1292 731 1360 764 filia

1004 781 1041 812 In
1067 780 1195 819 mundo,
1220 779 1253 809 in
1279 788 1339 818 quo
1368 778 1466 819 (legis,

956 826 1102 858 Laudate
1127 829 1159 857 et
1184 835 1253 857 cum
1277 825 1398 865 angelis

958 873 1002 905 Et
1026 874 1159 905 sacratis
1182 872 1389 913 presbyteris,

1003 920 1088 954 Justi
1113 928 1219 951 onmes
1243 919 1277 950 in
1304 919 1408 951 caelis,

1074 1003 1120 1030 Aa
1141 1003 1323 1031 Benedictus.

918 1086 924 1093 .
957 1061 1081 1092 Novum
1106 1060 1194 1092 sidus
1220 1061 1357 1102 emicuit,

957 1107 1031 1139 Cum
1058 1107 1145 1138 Deus
1172 1115 1297 1138 carnem
1321 1107 1433 1146 induit,

956 1154 1016 1191 Qui
1037 1153 1245 1185 Petronillam
1268 1154 1370 1185 voluit

956 1200 993 1231 In
1018 1208 1166 1239 sponsam
1189 1203 1284 1239 atque
1309 1200 1414 1232 docuit

956 1247 1099 1286 Eamque
1122 1247 1213 1278 nobis
1238 1248 1344 1286 posuit

956 1294 994 1325 In
1021 1294 1209 1333 exemplum.
1235 1296 1271 1324 ut
1297 1294 1420 1334 decuit;

959 1341 1072 1372 Petrus
1096 1349 1113 1371 a
1139 1344 1231 1380 petra
1256 1342 1371 1372 meruit

958 1387 1091 1428 Nomen,
1120 1397 1181 1426 quo
1207 1390 1283 1419 nata
1308 1387 1431 1420 claruit.

1026 1530 1071 1561 In
1099 1530 1129 1560 2.
1158 1529 1370 1568 VesperiS.

1079 1604 1125 1630 Ad
1145 1603 1325 1641 Magnificat.

920 1690 926 1696 .
958 1662 1062 1702 Salve,
1088 1662 1177 1702 virgo
1201 1662 1386 1702 Petronilla,

1005 1710 1130 1750 Sponsa
1153 1710 1237 1749 regis
1262 1710 1457 1749 angelorum,

957 1757 1006 1788 Tu
1032 1765 1064 1788 es
1088 1757 1223 1795 pulchra
1248 1761 1323 1788 nata
1346 1758 1403 1788 illa

1005 1804 1163 1843 Principis
1189 1804 1413 1846 apostolorum,

959 1852 1044 1890 Quae
1067 1851 1139 1890 plus
1164 1851 1250 1890 sapis
1276 1860 1369 1890 quam
1386 1850 1506 1891 Sibylla

1006 1899 1143 1930 Vincens
1167 1898 1291 1938 proelia
1315 1899 1480 1938 malorum,

956 1947 1005 1978 Tu
1031 1954 1104 1985 ergo
1128 1954 1185 1977 nos
1213 1945 1274 1977 duc
1297 1947 1338 1978 ad
1362 1946 1429 1989 illa,

1007 1994 1094 2032 Quae
1106 1995 1180 2024 sunt
1192 2001 1310 2033 pascua
1319 1997 1509 2027 sanctorum.

1016 2134 1138 2168 Infra
1162 2136 1370 2170 Octavam.

1076 2210 1317 2238 Commemoratio
1322 2230 1328 2236 .

888 2270 928 2302 A.
961 2269 1058 2310 Virgo
1083 2269 1188 2308 prima
1212 2265 1327 2299 florida

1008 2317 1087 2349 Post
1110 2315 1261 2355 virginem
1287 2318 1432 2359 matrem,

961 2364 1004 2396 Et
1029 2371 1109 2403 quae
1133 2363 1252 2402 gaudes
1277 2363 1388 2403 gloria,

1007 2410 1160 2450 Magnum
1184 2409 1304 2442 habens
1329 2415 1463 2450 patrem,
