1652 2615
754 166 1010 203 —171—

375 261 438 293 Ad
463 262 725 297 Matutinum.

436 336 651 364 Invitatorium.

304 392 423 432 Regem
448 396 555 425 natum
582 395 622 426 de
644 395 760 435 Maria,

302 440 538 472 Ascendentem
563 442 644 473 mira
669 443 729 482 via,

302 487 482 519 Adoremus
506 491 611 519 mente
633 489 696 528 pia.

361 619 409 650 In
436 619 467 652 1.
490 620 716 652 Nocturno.

445 693 640 729 Antiphonae.

270 774 276 781 .
300 751 407 791 Virgo,
437 751 537 783 dulcis
562 754 634 783 tuus
659 756 751 785 natus

302 798 370 829 Ista
397 798 448 829 die
473 799 629 831 exaltatus

304 843 409 884 Supra
434 846 539 877 caelos
565 850 613 877 est
636 847 768 880 levatus.

271 935 278 942 .
304 911 354 942 De
378 914 411 942 te
435 914 537 944 matre
562 913 614 952 qui
641 922 794 955 egressus,

301 958 440 989 Mortem
457 962 589 999 propter
602 969 659 991 nos
673 969 853 1000 perpessus,

302 1004 364 1036 Est
380 1006 421 1037 ad
439 1008 563 1045 patrem
580 1016 664 1038 nunc
681 1016 852 1047 regressus,

268 1095 275 1102 .
303 1071 363 1109 Qui
386 1072 484 1102 exivit
507 1072 678 1112 virginales

302 1118 425 1157 Portas,
451 1117 601 1159 frangens
626 1118 811 1160 infernales,

301 1164 394 1196 Nunc
417 1166 511 1197 inivit
535 1167 721 1199 aeternales

437 1250 642 1285 Responsoria.

267 1329 274 1336 .
299 1306 443 1339 Dilectus
468 1316 556 1339 meus
582 1308 662 1339 abiit

347 1355 381 1386 in
405 1355 505 1394 ipsius
530 1355 666 1394 hortum=

299 1401 364 1433 Ubi
393 1410 519 1441 semper
543 1403 692 1442 gaudium

347 1449 459 1487 poenis
484 1458 544 1480 non
571 1452 734 1489 retortum,

302 1496 385 1527 Illuc
408 1504 502 1527 verae
525 1496 646 1527 tendite

350 1543 392 1574 ad
416 1543 527 1574 salutis
552 1546 688 1582 portum.

262 1615 269 1621 .
302 1589 395 1621 Dona
418 1590 510 1621 nobis
534 1591 667 1630 gratiam

349 1637 401 1667 hic
424 1638 466 1669 ad
491 1638 714 1676 paenitendum

302 1684 346 1715 Et
368 1684 402 1715 in
426 1687 528 1715 morte
552 1685 680 1716 studeas

349 1731 440 1762 nobis
465 1733 721 1764 succurrendum.

244 1804 274 1830 ⁵.
301 1798 409 1838 Virgo,
443 1798 538 1829 decus
562 1798 690 1838 saeculi,

351 1846 439 1878 clara
462 1845 556 1877 stella
580 1845 687 1884 maris,

299 1893 438 1925 Pulchra
462 1896 517 1924 tua
542 1891 640 1925 facies

347 1939 453 1980 fulgor
477 1943 513 1972 ut
536 1941 666 1982 lunariS,

298 1988 485 2020 Praeelecta
510 1988 653 2020 omnibus

345 2038 381 2069 ut
405 2036 453 2068 sol
477 2036 652 2069 luminaris

259 2108 267 2115 .
300 2084 367 2116 Fac
391 2092 449 2115 nos
474 2085 562 2117 tuum
585 2082 684 2115 filium

344 2131 438 2163 modo
463 2132 686 2163 ascendentem

297 2178 443 2212 Judicem
473 2179 635 2218 suscipere

343 2226 427 2257 laete
451 2227 640 2258 venientem.

241 2300 271 2324 :.
300 2291 489 2324 Cunctarum
515 2293 728 2333 pulcherrima

344 2348 362 2370 o
387 2342 421 2371 tu
446 2341 622 2381 mulierum,

297 2386 363 2425 Quo
390 2387 523 2420 dilectus
549 2388 629 2420 abiit

344 2437 416 2468 tuus
442 2435 494 2466 hic
520 2434 667 2467 dierum?

985 264 1037 296 Ad
1066 264 1225 296 caelorum
1254 263 1365 295 solium

1030 320 1115 343 nunc
1138 310 1281 342 ascendit
1306 310 1395 349 mire,

985 358 1067 391 Juva
1090 367 1148 390 nos
1173 359 1245 397 post
1269 357 1389 389 obitum

1031 407 1113 438 Illuc
1137 405 1312 444 pervenire.

915 454 952 485 V.
981 452 1048 484 Fac
1070 454 1103 484 in
1128 452 1219 483 nobis
1245 461 1300 483 cor
1324 452 1491 490 sincerum,

929 772 958 804 1.

926 925 957 955 2.

924 1074 954 1105 3.

984 501 1030 533 Ut
1052 507 1215 531 noscamus
1240 499 1301 530 iter
1324 507 1443 531 verum.

1039 623 1085 654 In
1107 623 1137 654 2.
1165 621 1392 653 Nocturno.

1125 705 1318 741 Antiphonae.

985 773 1057 807 Ora,
1084 772 1183 812 virgo,
1207 772 1298 804 nobis
1322 772 1435 812 Deum,

985 820 1047 851 Per
1071 823 1103 851 te
1127 818 1245 850 factum
1271 819 1457 859 Galilaeum,

984 866 1217 898 Ascendentem
1242 866 1284 897 ad
1308 868 1407 898 o'eum.

985 924 1214 963 Condignatum
1240 923 1279 954 de
1301 925 1333 953 te
1357 923 1445 954 nasci

982 970 1027 1001 Et
1052 971 1092 1002 de
1115 972 1168 1001 tuo
1193 970 1276 1001 lacte
1301 970 1389 1009 pasci

981 1017 1213 1049 Ascendentem
1242 1017 1332 1048 nobis
1357 1017 1433 1048 acci.

981 1074 1018 1105 In
1043 1076 1075 1104 te
1100 1073 1153 1112 qui
1177 1081 1211 1104 se
1234 1073 1427 1113 humanavit,

980 1120 1079 1151 Modo
1105 1120 1207 1151 caelos
1233 1121 1421 1159 penetravit,

980 1166 1065 1198 Hinc
1088 1175 1176 1197 mens
1200 1169 1256 1198 tua
1280 1168 1458 1199 exsultavit.

1113 1260 1319 1294 Responsoria.

947 1354 954 1361 .
982 1327 1121 1367 Sponsus
1147 1329 1220 1358 tuae
1245 1327 1399 1359 castitatis

981 1375 1082 1406 Natus
1108 1376 1140 1405 et
1163 1374 1354 1415 virginitatis

982 1421 1059 1454 Cum
1084 1421 1228 1453 ascendit
1252 1430 1347 1461 super
1373 1421 1486 1460 caelos,

979 1468 1202 1501 Decantabant
1226 1469 1327 1499 sancti
1351 1469 1468 1507 me10s3

980 1517 1005 1549 Ο
1031 1524 1124 1556 quam
1148 1516 1233 1547 laeta
1258 1515 1417 1556 exstitisti,

981 1563 1058 1595 Cum
1082 1567 1128 1602 tu,
1154 1566 1265 1603 mater,
1291 1563 1352 1595 hoc
1376 1563 1504 1595 vidisti!

977 1611 1064 1643 Voce
1087 1610 1182 1642 tubae
1206 1611 1388 1650 angelorum

979 1657 1050 1689 Jam
1077 1657 1221 1689 ascendit
1243 1665 1300 1688 rex
1326 1658 1493 1691 caelorum.

947 1738 954 1746 .
982 1713 1102 1754 Gaude,
1128 1713 1227 1755 virgo,
1253 1714 1333 1745 caeli
1356 1717 1459 1754 porta,

979 1759 1043 1792 Per
1068 1769 1161 1801 quam
1185 1760 1276 1791 nobis
1301 1761 1356 1791 lux
1374 1763 1420 1792 est
1437 1763 1524 1799 orta3

979 1807 1100 1850 Gaude,
1127 1808 1227 1839 vellus
1254 1807 1422 1849 Gedeonis,

980 1855 1108 1887 Throne
1132 1855 1205 1887 novi
1231 1854 1425 1895 Salomonis;

978 1903 1037 1942 Qui
1062 1903 1157 1942 elegit
1180 1905 1213 1933 te
1235 1903 1269 1934 in
1293 1906 1436 1941 matrem,

977 1951 1042 1983 Ivit
1061 1951 1162 1982 laetus
1184 1950 1250 1989 jam
1274 1951 1315 1982 ad
1339 1953 1482 1992 patrem3

977 1999 1071 2031 Hunc
1094 2006 1153 2038 pro
1178 1997 1280 2038 nobis,
1306 2001 1419 2039 mater,
1446 2007 1503 2030 ora

978 2046 1016 2078 In
1042 2049 1183 2077 extrema
1207 2046 1317 2077 mortis
1339 2046 1425 2078 hora.

945 2128 951 2134 .
980 2102 1100 2147 Gaude,
1128 2102 1216 2143 virgo
1242 2103 1409 2144 virginum,

1027 2150 1114 2184 Caeli
1138 2153 1173 2181 tu
1197 2151 1346 2193 reginam]

979 2199 1053 2231 Jam
1077 2198 1221 2230 ascendit
1244 2197 1328 2230 filius

1027 2246 1065 2278 In
1091 2246 1248 2277 excelsum
1274 2245 1358 2285 Sina,

978 2293 1073 2325 Hunc
1096 2302 1155 2333 pro
1179 2292 1270 2324 nobis
1294 2291 1412 2336 flagita,

1025 2341 1111 2372 Rosa
1135 2340 1204 2371 sine
1227 2340 1329 2380 spina,

978 2388 1074 2421 Chori
1100 2387 1239 2428 gaudent
1263 2388 1457 2428 angelorum,

978 2437 1068 2476 Quod
1094 2435 1224 2468 advenit
1247 2444 1304 2467 rex
1329 2435 1481 2476 ipsorum.
