1652 2615
747 150 1001 185 -199-

235 243 269 273 5.
296 240 418 273 Cuncta
444 245 551 274 creata
574 244 723 276 laudibus

341 287 465 320 Divinis
490 288 604 322 vacent
629 291 726 330 ocius,

292 333 376 365 Dum
401 336 528 375 Aspren
551 337 584 368 in
611 338 799 370 caelestibus

341 380 522 414 Collocatur
549 382 685 417 felicius,

409 455 455 483 Ad
473 456 657 483 Benedictus,

221 512 260 544 A.
292 511 499 544 Benedictum

341 558 459 590 Christi
485 561 648 592 consilium

291 606 419 644 Aspren
442 609 536 638 vocat

337 653 379 684 ad
404 654 627 693 sacerdotium,

292 698 361 731 Sibi
386 697 522 732 fundens

338 747 465 785 linguae
488 747 702 786 praeconium,

296 794 368 825 Vim
393 794 554 833 signorum

345 843 377 871 et
400 841 601 872 mirabilium.

1041 254 1087 286 In
1114 256 1145 287 2.
1171 253 1387 292 VesperiS.

1090 356 1135 382 Ad
1154 353 1333 390 Magnificat.

904 423 944 456 A.
978 422 1002 454 O
1028 421 1121 453 stella
1144 422 1310 461 perlucida

1021 468 1120 500 Nobis
1145 469 1309 507 matutina,

974 515 1114 555 Plebem‚
1140 524 1231 554 quam
1255 512 1455 554 praefulgida

1020 561 1162 593 Lactasti
1189 562 1341 598 doctrina,

973 608 1042 639 Tua
1068 617 1163 647 prece
1189 608 1315 640 fervida

1022 654 1136 687 Serves
1163 665 1182 686 a
1205 655 1306 694 ruina,

974 702 1019 735 Ut
1044 701 1112 733 Deo
1137 702 1179 733 sit
1202 702 1331 741 placida

1023 747 1098 779 Sine
1123 749 1234 787 culpae
1258 748 1359 788 spina⁷

977 795 1022 826 Et
1044 798 1118 834 post
1139 796 1210 826 luce
1233 794 1404 834 splendida

1023 843 1161 874 Fruatur
1187 842 1303 874 divina.

294 913 397 948 Propr.
416 914 640 949 Neapolitarum
664 916 733 950 imp.
754 916 879 949 Neapoli
908 913 987 942 1525.
1015 929 1052 933 —-
1077 914 1119 942 In
1147 913 1171 942 1.
1192 915 1293 942 Noct.
1316 911 1335 939 R
1364 910 1381 940 ‘3
1422 912 1440 940 2
1467 914 1523 940 sibi

220 952 408 986 promittitur.
436 968 471 972 —
498 952 540 979 111
567 949 594 979 3.
614 952 722 979 Noct:
744 950 764 978 R
787 951 819 985 l,
847 951 863 979 6
889 952 962 979 fehlt
987 954 1050 979 eine
1071 952 1160 980 Silbe.
1187 966 1224 970 —
1248 952 1291 979 In
1315 949 1341 977 2.
1361 951 1467 987 Veqi.
1487 951 1523 977 ad

221 988 321 1024 Magn.
345 987 383 1021 Α,
406 987 422 1016 9
442 989 483 1016 Et
502 991 612 1024 postea.
637 1004 669 1008 —
690 990 747 1016 Die
767 990 871 1017 beiden
891 999 958 1016 zum
978 988 1112 1017 Officium
1131 990 1289 1026 gehtirigen
1309 989 1444 1023 Hymuen
1463 988 1523 1024 vgl.

219 1026 306 1052 Anal.
327 1026 423 1060 XXII,
444 1027 495 1055 Νι·-
518 1025 554 1054 68
576 1035 620 1062 sq.

658 1155 701 1185 67.
730 1154 773 1185 De
795 1154 901 1193 sanctu
924 1154 1081 1192 Galogero.

359 1235 406 1266 In
434 1234 462 1266 1.
492 1234 706 1273 Vesperis.

432 1322 627 1357 Antiphonae.

232 1395 261 1427 1.
290 1393 443 1433 Caloyrus
466 1394 666 1433 praeelectus

284 1441 314 1472 A
338 1440 470 1481 Deoque
491 1441 557 1480 J'am
585 1441 729 1480 dilectus,

282 1488 371 1520 Bene
396 1488 507 1519 doctus
532 1488 697 1519 literarum

282 1536 389 1573 Atque
413 1537 552 1567 structus
578 1534 765 1567 divinarum.

251 1635 258 1642 .
285 1610 370 1641 Puer
395 1608 495 1641 bonus
520 1618 555 1640 se
579 1609 704 1640 ornavit

281 1656 469 1696 virtuteque
495 1656 666 1695 decoravit,

280 1703 421 1735 Mundus
445 1712 605 1744 nunquam
629 1703 763 1735 violavit

280 1750 351 1781 Nec
374 1750 486 1782 vitium
510 1759 580 1781 eum
603 1748 755 1783 foedavit.

251 1853 257 1859 .
283 1825 481 1865 Jejuniisque
504 1825 639 1868 deditus,

282 1873 424 1905 Orationi
449 1873 597 1913 traditus,

278 1920 334 1952 Bis
359 1921 458 1951 ternis
486 1922 533 1951 est
558 1920 759 1952 hebdomada

276 1968 364 2001 Pane
388 1970 554 2000 contentus
580 1970 612 1999 et
633 1976 724 2007 aqua.

248 2069 255 2076 .
284 2044 402 2077 Christi
428 2052 553 2083 semper
579 2044 821 2083 contemplando

278 2091 462 2123 Passionem
488 2093 519 2122 et
543 2091 699 2131 plorando

277 2139 386 2171 «lesum
409 2139 503 2171 ardet
526 2139 553 2170 is
579 2139 726 2178 amando,

280 2186 336 2218 Cui
362 2194 397 2218 se
421 2186 510 2219 vovit
533 2186 762 2220 monachando.

242 2289 249 2296 .
276 2263 448 2301 :Iustusque
470 2262 623 2294 Dominus

276 2309 400 2341 Dilexit
425 2310 626 2349 aequitatem,

280 2355 434 2396 Caloyrus
450 2375 478 2379 —
493 2375 521 2378 —
536 2375 564 2378 —

279 2403 357 2436 Odit
379 2403 590 2444 iniquitatem.

897 1233 937 1266 R.
968 1232 1111 1264 Surrexit
1136 1243 1221 1273 papa
1245 1233 1370 1264 obviam

1015 1280 1239 1312 Praesentiens
1264 1280 1401 1319 legatum

972 1326 1140 1366 Caloyrum
1167 1327 1308 1359 Siciliam

1015 1374 1189 1406 Venturum
1216 1374 1303 1405 caelo
1330 1373 1447 1414 datum,

968 1420 1014 1452 Ut
1037 1419 1199 1461 frangeret
1222 1421 1404 1462 nequitiam,

1014 1467 1081 1505 Qua
1110 1469 1230 1500 caelum
1256 1470 1304 1499 est
1327 1470 1514 1506 stupratum.

896 1514 933 1547 V.
963 1514 1101 1546 Mortem
1126 1515 1250 1555 quaerit
1274 1517 1489 1554 spontaneam,

965 1561 1009 1593 Ut
1032 1563 1155 1600 pandat
1179 1562 1296 1594 Christi
1322 1562 1453 1601 gloriam

1011 1608 1113 1640 Valde
1137 1611 1269 1649 gratam.

1090 1683 1136 1710 Ad
1154 1682 1334 1719 Magnificat.

927 1756 934 1763 .
967 1731 991 1762 O
1017 1731 1070 1769 pie
1093 1734 1186 1771 pater
1212 1730 1355 1770 Caloyre‚

967 1778 1026 1816 Qui
1052 1778 1154 1810 claros
1178 1779 1212 1809 in
1237 1777 1387 1817 superbia

963 1824 1094 1863 Ejeotos
1116 1826 1183 1864 jam
1209 1826 1249 1857 de
1273 1824 1374 1865 gloria

963 1871 1111 1904 Meruisti
1137 1873 1314 1910 devincere,

962 1919 1054 1950 Tolle
1078 1920 1167 1960 pacis
1192 1919 1400 1961 obstaculum,

961 1967 1047 1998 Para
1070 1967 1160 1999 nobis
1186 1967 1344 2007 gaudium,

961 2014 1009 2046 Ut,
1031 2022 1208 2047 mereamur
1232 2022 1376 2054 pergere,

960 2061 1014 2093 Ad
1041 2061 1125 2094 vitae
1149 2062 1305 2094 solatium.

1023 2147 1084 2178 Ad
1110 2148 1376 2180 Matutinuni.

1096 2214 1312 2241 Invitatnrium.

963 2260 1099 2303 Christo,
1125 2262 1193 2300 regi
1219 2259 1445 2301 confessorum,

1007 2307 1102 2339 Plebs
1129 2308 1273 2339 concinat
1299 2306 1451 2348 fidelium,

961 2355 1049 2387 Almi
1073 2355 1157 2386 senis
1182 2354 1365 2386 meritorum

1008 2403 1047 2435 In
1071 2404 1104 2434 te
1127 2402 1232 2434 laudis
1256 2402 1469 2441 praeconium.
