1652 2615
739 143 991 178 —191—

286 231 446 271 Paulaque
472 242 542 265 cum
565 233 677 274 Bassa,

331 279 502 312 monachus
527 282 621 313 simul
646 283 827 326 Agatonita,

284 323 539 369 Psallentes[que
563 326 667 372 simul]

332 372 512 404 clamabant
535 375 638 413 gloria
663 375 799 417 Christo,

282 417 444 451 Tollentes
469 420 572 460 ipsum

330 464 476 498 referunt
508 476 578 499 cum
607 469 703 501 laude
727 470 836 502 trium·

607 516 715 554 phum.

209 557 248 589 V.
279 557 393 590 Adfuit
421 560 473 591 hic
497 562 649 593 monacho

331 605 386 636 lux
409 607 558 647 aetheris,
584 608 677 647 ignea
700 610 835 652 lampas,

281 651 425 685 Territus
451 662 489 684 ac
514 654 669 686 Paramon

332 699 449 731 cecidit
475 700 671 739 stupefactus
696 702 738 734 ad
760 702 833 737 ima.

224 764 258 797 2.
286 763 399 796 Gaude
422 767 538 805 tamen,
564 767 676 809 gaude,

330 814 433 851 marty
439 822 453 842 ι·
462 814 643 845 veneranda
650 814 832 855 perorbem‚

280 857 368 896 Quae
391 859 514 890 meritis
538 858 640 900 fulges

329 906 418 943 quasi
435 906 523 937 sidus
540 907 581 938 ad
599 907 664 938 alta
676 908 830 948 polorum,

279 951 461 991 Agrippina
488 953 552 992 pia,

327 998 441 1030 devota
468 1003 574 1030 mente
597 999 701 1032 fidelis

281 1043 394 1076 Gaude
418 1046 511 1078 simul
532 1047 660 1086 popule,

327 1092 381 1131 qui
406 1100 473 1123 eam
499 1096 680 1125 reverenter
704 1094 829 1126 adoras.

204 1136 244 1169 V.
275 1137 416 1178 Virginis
440 1140 481 1170 ad
506 1139 633 1171 laudem

325 1193 394 1216 cum
421 1185 514 1225 digno
541 1187 679 1218 carmine
702 1187 783 1218 laxis

276 1232 414 1264 Vocibus
444 1235 538 1271 atque
561 1232 645 1264 tubis

322 1281 448 1310 cantum
475 1279 650 1318 depromite
674 1282 825 1312 vestrum.

362 1400 409 1432 In
434 1399 664 1433 Laudibus.

411 1478 605 1514 Antiphonae.

209 1536 241 1567 1.
268 1535 408 1575 Virginis
433 1536 568 1568 accessit

317 1583 434 1614 delatio
460 1585 602 1623 corporis
628 1584 712 1626 almi,

966 238 1049 270 Sana
1073 237 1180 277 puella
1204 240 1310 268 manet

1007 286 1093 324 turpi
1118 286 1231 315 vexata
1255 286 1403 318 tremore.

907 371 937 404 2.
964 369 1060 401 Multi
1083 368 1190 401 vexati

1012 415 1181 448 veniebant
1207 415 1358 446 daemone
1383 415 1444 447 viri

963 463 1113 502 Martyris
1139 462 1180 493 ad
1206 470 1329 501 corpus,

1009 512 1085 541 tunc
1109 517 1201 540 sanos
1226 508 1424 542 restituebat.

907 594 936 626 3.
962 592 1109 632 Corporis
1134 592 1273 623 intactae

1010 639 1127 671 sacrati
1151 639 1281 678 virginis
1306 639 1408 670 almae

962 685 1034 717 Non
1058 685 1175 717 modici
1199 685 1329 716 tandem

1008 734 1191 764 meruerunt
1215 730 1300 762 ferre
1324 732 1468 764 salutem.

904 817 935 848 4.
962 815 1010 847 Sit
1034 815 1202 847 benedicta
1228 815 1306 854 dies,

1008 872 1069 902 qua
1091 862 1165 893 talis
1190 862 1279 901 virgo
1305 862 1399 894 beata

960 909 1138 941 Virtutibus
1163 908 1270 939 multis

1006 956 1153 995 splendet
1169 955 1210 986 ad
1229 954 1358 986 aethera
1374 964 1509 987 sursum.

903 1040 932 1071 5.
959 1039 1124 1071 Laudibus
1154 1039 1327 1070 innumeris

1005 1087 1154 1118 laudetur
1178 1086 1267 1125 virgo
1292 1086 1395 1125 beata,

960 1132 1046 1170 Quae
1072 1133 1106 1163 in
1132 1132 1226 1163 caelis
1252 1131 1352 1172 fulget

1006 1181 1094 1210 tanta
1118 1178 1236 1209 virtute
1259 1179 1375 1212 levata.

1070 1282 1115 1311 Ad
1138 1283 1322 1311 Benedictus.

882 1350 922 1382 A.
953 1350 1143 1390 Agrippina,
1170 1350 1232 1381 Dei

999 1397 1099 1436 virgo,
1124 1397 1208 1427 locet
1232 1397 1343 1428 aethre
1367 1406 1495 1429 suorum

952 1443 1079 1475 Mentes
1104 1451 1267 1474 servorum

999 1491 1175 1529 molemque
1199 1493 1325 1529 premat
1344 1490 1504 1530 vitiorum,

949 1537 995 1569 Ut
1026 1537 1161 1577 demptis
1186 1537 1272 1568 vitiis

997 1584 1133 1624 benigne
1159 1584 1263 1615 Deum
1286 1583 1488 1615 benedicant.

272 1667 358 1694 Brev.
380 1666 689 1694 Gallicano-Siculum
711 1668 779 1702 imp.
800 1667 932 1695 Venetiis
955 1665 1036 1694 1527.
1057 1682 1093 1686 —
1113 1666 1155 1693 In
1178 1664 1201 1693 1.
1221 1667 1286 1693 Ὺει
1300 1676 1327 1702 1).
1348 1667 1385 1694 ad
1405 1668 1502 1703 Magn.

196 1701 229 1737 Α,
252 1702 286 1731 10
307 1705 450 1732 misertus.
471 1720 508 1724 —
526 1704 569 1731 In
590 1702 615 1731 1.
635 1705 736 1732 Noct.
758 1703 777 1730 R
799 1702 825 1738 3,
846 1704 953 1732 7Mir0
969 1705 1091 1732 Siculas.
1113 1718 1149 1722 —
1170 1704 1211 1731 In
1232 1702 1258 1730 2.
1279 1704 1379 1731 Noct.
1395 1703 1417 1730 Α
1438 1702 1464 1738 2,
1486 1702 1503 1732 3

193 1740 302 1768 dicata.
330 1757 368 1761 —
388 1740 411 1767 Α
432 1739 458 1775 3,
479 1740 494 1768 1
514 1742 591 1778 Ipsis
612 1744 680 1769 tuis.
701 1756 739 1760 —
760 1740 780 1768 R
804 1740 827 1776 1,
854 1741 873 1769 4
893 1743 1107 1770 comitantibus.
1128 1756 1165 1760 —
1188 1739 1207 1767 R
1229 1740 1254 1775 2,
1276 1739 1293 1768 2
1312 1743 1446 1777 virginis.
1466 1757 1503 1760 —

195 1776 216 1804 R
237 1777 264 1812 2,
286 1777 303 1806 5
323 1779 407 1815 Ipsas
428 1779 488 1807 sed.
503 1794 541 1798 —
557 1777 576 1805 R
592 1777 618 1813 2,
641 1777 675 1807 10
690 1780 869 1815 portabatur.
886 1795 923 1799 —
937 1779 978 1807 In
996 1778 1023 1807 3.
1044 1781 1067 1808 Ν
1081 1781 1146 1807 oct.
1163 1777 1183 1805 R
1200 1778 1225 1813 1,
1240 1777 1260 1806 4
1272 1779 1448 1815 Agatonitis.
1464 1795 1503 1798 —

190 1813 216 1842 R
237 1814 263 1850 2,
287 1815 321 1844 10
343 1817 444 1853 lapsis.
465 1831 502 1835 —
522 1818 558 1845 In
578 1815 605 1844 2.
625 1817 712 1853 Vesp.
733 1818 839 1845 nichts.

647 1956 693 1987 64.
723 1956 766 1988 De
785 1957 890 1988 sancto
911 1957 1047 1988 Annone.

330 2046 376 2078 In
403 2046 433 2078 1.
461 2045 680 2085 Vesperis.

381 2101 428 2129 Ad
446 2101 626 2138 Mag-nificat.

186 2146 226 2178 A.
256 2144 388 2177 Gemma
410 2144 535 2185 fulgens
559 2146 751 2187 praesulum,

307 2193 453 2225 Veronae
475 2193 583 2233 proles
607 2193 728 2233 inclita,

352 2240 468 2272 Sancte
491 2243 584 2280 pater
606 2241 711 2280 Anno,

259 2286 309 2319 Sis
335 2296 461 2327 semper
485 2296 605 2319 memor
630 2288 782 2331 exsulum,

306 2333 372 2365 Nos
398 2335 440 2369 ad
464 2335 598 2367 virtutes
623 2335 732 2375 incita,

353 2381 453 2414 Serva
473 2391 531 2414 nos
556 2392 575 2414 a
600 2383 724 2416 damno.

599 2460 626 2478 f
685 2464 700 2479 -.

553 2482 592 2519 ,f
607 2488 623 2518 *s
649 2495 652 2498 '

1016 2056 1077 2089 Ad
1103 2055 1370 2088 Matutinum.

1079 2159 1294 2187 Invitatorium.

939 2227 992 2259 Ad
1016 2226 1160 2259 Annonis
1185 2225 1327 2257 modulet

988 2274 1115 2306 Laudes
1141 2272 1254 2304 chorus
1276 2271 1399 2314 laetius,

942 2321 1083 2360 AlleluJ'a
1103 2319 1220 2359 jubilet

991 2368 1116 2400 Christo
1142 2369 1251 2398 noster
1276 2367 1391 2399 coetus.
