1652 2615
698 158 952 193 Δ--168--*

377 254 422 282 Ad
440 255 615 291 Magnificat.

182 323 211 353 A
248 321 297 354 De
320 322 468 361 Magdalo
491 322 706 361 peccatricem,

252 368 418 406 Narratur,
443 369 484 399 ad
509 369 641 407 primam
668 367 765 399 vicem

251 414 357 446 Jesum
381 415 579 452 perspexisse

249 461 356 492 Morte
380 461 562 499 surrexisse,

252 507 313 538 Sed
337 508 415 538 haec
440 507 492 545 qui
516 506 718 547 scripserunt,

249 555 334 592 Apte
358 552 534 593 innuerunt,

250 599 339 637 Quod
363 599 466 637 prima
490 600 624 630 omnium

250 646 338 677 Vidit,
361 654 450 676 suum
471 645 570 678 filium

250 693 314 724 Illa
337 692 455 723 munda
478 692 538 724 Dei
564 692 653 731 cella,

250 739 334 778 Quae
361 741 490 770 vocatur
514 739 609 771 maris
634 739 745 777 stella3

249 785 338 817 Haec
363 788 411 816 est
436 786 516 817 enim
540 785 631 818 firma
655 786 745 824 stola,

249 833 285 864 In
311 841 371 871 qua
395 833 511 864 mansit
533 832 613 865 fides
638 832 713 870 sola,

251 878 335 909 Dum
358 879 477 917 quievit
499 879 684 911 tumulatum

251 924 371 965 Corpus
395 924 470 957 Jesu
495 927 699 958 vulneratum.

307 1055 366 1087 Ad
391 1055 504 1087 Matu
517 1056 656 1088 tinum.

381 1128 592 1155 Invitatorium.

255 1185 402 1223 Alleluja‚
428 1184 512 1216 filius
536 1185 666 1223 virginis

249 1231 436 1263 Resurrexit
459 1241 478 1262 a
501 1232 641 1270 mortuis,

297 1278 404 1317 Ipsum
428 1278 603 1309 adoremus.

311 1406 355 1438 In
382 1407 411 1440 1.
437 1407 664 1440 Nocturno.

399 1480 573 1515 Antiphona.

253 1537 325 1569 Jam
349 1538 486 1568 surrexit
508 1541 580 1569 tuus
603 1539 706 1575 natus,

251 1583 369 1622 Magna
391 1584 486 1615 laude
511 1586 683 1621 coronatus,

251 1629 338 1671 Inde,
363 1630 461 1670 virgo,
488 1630 654 1669 gratulare,

253 1676 336 1707 Tuos
362 1685 468 1708 servos
495 1676 663 1708 consolare.

379 1769 582 1804 Responsoria.

197 1826 225 1858 1.
252 1826 351 1857 Nemo
376 1834 511 1865 unquam
536 1825 648 1865 gaudio

294 1873 394 1904 Tanto
420 1873 597 1911 exsultavit,

250 1920 346 1959 Virgo
371 1921 471 1950 mater
494 1920 589 1951 hodie

297 1967 416 2005 Quanto
441 1966 624 2005 abundavit,

248 2012 294 2044 Ut
316 2011 415 2051 ipsius
439 2011 522 2043 filius

296 2061 427 2090 mortem
453 2059 622 2097 superavit.

179 2105 215 2137 V.
245 2104 338 2137 Hanc
361 2105 495 2144 populus
519 2105 628 2137 laudet

296 2151 495 2193 genetricem,
514 2159 592 2191 quae
607 2152 700 2183 modo
718 2161 792 2192 gau-

571 2198 633 2231 det.

191 2256 222 2288 2.
250 2254 387 2294 Caelum,
413 2257 499 2285 terra
523 2257 555 2287 et
578 2258 623 2296 tu,
647 2264 742 2298 mare,

248 2302 328 2333 Toto
351 2309 445 2341 posse
469 2302 636 2341 gratulare,

250 2348 374 2381 Gaudet
399 2348 484 2380 clara
507 2349 602 2381 maris
627 2348 728 2389 stella,

248 2396 441 2435 Angelorum
466 2395 642 2435 domicella,

857 348 889 378 V.

864 452 896 483 3.

850 1579 886 1612 V.

862 1684 893 1714 2.

849 1963 889 1994 V,

864 2067 893 2098 3.

923 256 1005 289 Nam
1030 256 1167 289 surrexit
1190 265 1263 289 suus
1287 260 1390 295 natus,

923 303 1086 335 Peccatori
1112 305 1278 336 cruciatus

918 349 993 390 Nos,
1021 351 1073 389 qui
1099 351 1166 389 eius
1190 350 1375 388 indigemus,

922 396 997 428 Plus
1022 405 1100 434 prae
1122 397 1242 427 cunctis
1267 396 1451 426 exultemus.

923 451 998 483 Plus
1023 460 1114 490 quam
1140 459 1247 483 omnes
1272 450 1422 489 dilexisti,

923 498 1028 528 Prima
1054 506 1176 537 quoque
1200 497 1402 537 perspexisti,

921 544 1018 584 Virgo
1043 547 1153 584 mater,
1179 548 1266 576 tuum
1291 546 1398 575 natum

919 591 1146 630 Resurgentcm
1170 592 1357 623 laureatum.

922 638 1006 669 Voce
1030 640 1084 669 tua
1107 647 1204 677 posce

968 693 1024 717 nos
1048 685 1142 716 caelis
1169 692 1298 716 cernere
1321 692 1423 723 posse.

977 807 1021 838 In
1049 807 1079 839 2.
1106 806 1334 838 Nocturno.

1068 880 1243 915 Antiphona.

921 938 1018 969 Partu
1042 940 1143 968 mater
1166 937 1289 968 illibato

919 984 955 1015 In
978 985 1037 1015 hac
1063 984 1115 1014 die
1139 985 1303 1024 exsultato,

920 1030 1025 1062 Jesum
1046 1029 1212 1070 Christum,
1239 1032 1324 1061 tuum
1346 1033 1465 1069 natum,

921 1077 1002 1109 Vide
1024 1079 1124 1108 morte
1148 1078 1343 1108 suscitatum.

1058 1150 1262 1185 Responsoria.

887 1231 892 1236 .
922 1208 1027 1247 Virgo,
1053 1208 1162 1239 mundi
1189 1207 1324 1245 domina,

967 1254 1120 1286 caelorum
1147 1255 1263 1294 regina,

919 1300 964 1331 Te
987 1309 1146 1332 monemus
1169 1300 1316 1340 gaudium

965 1355 1060 1387 prece
1078 1348 1241 1386 matutina,

921 1395 1009 1433 Quod
1034 1393 1173 1425 habebas
1197 1393 1335 1433 pleniter

965 1442 1025 1473 isto
1052 1441 1103 1472 die
1127 1441 1210 1482 festi,

921 1487 996 1519 Cum
1021 1487 1159 1519 surrexit
1181 1486 1274 1525 filius,

966 1543 1024 1573 pro
1049 1543 1110 1573 quo
1133 1534 1222 1573 prius
1245 1531 1348 1575 fiesti3

917 1580 1001 1611 Hinc
1025 1589 1044 1611 a
1067 1580 1157 1611 nobis
1182 1579 1231 1611 fer
1255 1582 1419 1618 peccatum

919 1628 1055 1667 Propter
1079 1629 1165 1657 tuum
1191 1626 1389 1658 exsultatum.

920 1683 1040 1722 Corpus
1067 1682 1143 1714 Jesu
1169 1684 1242 1715 dum
1267 1682 1386 1721 quievit

919 1730 956 1761 In
982 1729 1158 1769 sepulchro,
1186 1729 1324 1762 abolevit

918 1776 1063 1807 Murmur
1086 1775 1180 1808 fidem
1206 1777 1245 1809 ab
1271 1776 1355 1819 ovili,

920 1822 983 1855 Sed
1008 1828 1053 1862 tu,
1079 1824 1178 1863 virgo,
1205 1831 1261 1863 spe
1285 1823 1394 1854 subtili

920 1869 994 1901 Sola
1017 1868 1112 1901 fidem
1137 1870 1302 1910 sustulisti,

920 1917 1137 1948 Sum-ectumm
1164 1916 1337 1949 credidisti.

917 1963 1002 1994 Hinc
1027 1972 1046 1994 a
1069 1963 1161 1995 nobis
1185 1971 1346 2006 venerare,

921 2009 1052 2051 Semper
1076 2011 1178 2050 gaude
1202 2014 1234 2041 et
1256 2010 1387 2042 laetare.

919 2065 1038 2105 Gaude,
1065 2066 1152 2106 virgo
1178 2066 1343 2107 virginum,

968 2112 1124 2144 caelorum
1148 2114 1266 2153 regina,

919 2161 990 2193 Jam
1014 2160 1151 2191 surrexit
1173 2159 1257 2192 filius

968 2207 1068 2239 crucis
1095 2207 1135 2238 de
1158 2208 1291 2246 sentina,

919 2254 1013 2288 Hunc
1036 2262 1094 2293 pro
1120 2254 1210 2286 nobis
1234 2252 1352 2294 flagita,

967 2310 1039 2333 rosa
1063 2309 1131 2332 sme
1155 2302 1264 2341 spina3

918 2348 1103 2380 Resurrexit
1125 2357 1239 2389 magna
1262 2349 1357 2381 laude

919 2395 1019 2427 Natus
1043 2398 1126 2435 tuus,
1151 2397 1252 2438 virgo,
1276 2397 1390 2437 gaude.
