1652 2615
646 121 690 129 ·——
739 103 807 135 278
859 119 901 124 --

339 199 544 235 Responsoria.

150 270 179 302 1.
205 268 291 301 Deus
316 267 459 307 angelum
483 263 654 303 mandavit,

204 315 380 355 Martyrem
406 313 458 352 qui
480 309 637 350 visitavit3

205 361 287 394 Dum
311 362 395 392 esset
416 360 638 395 incarceratus,

207 408 267 440 Est
291 408 329 439 ab
355 405 464 445 angelo
491 404 620 441 cibatus,

138 456 175 488 V.
206 454 345 493 Sumpsit
368 454 461 491 atque
487 450 588 481 cibum
613 447 680 480 edit

206 501 250 533 Et
274 502 346 539 post
368 498 494 531 laudem
518 497 585 528 Deo
612 494 708 527 dedit.

150 579 181 609 2.
206 576 244 609 In
269 574 400 606 ecelesia
425 573 560 604 colamus

206 622 340 655 Militem
366 622 396 651 et
420 619 617 651 obsecramus

208 668 325 703 Christi
348 666 449 699 nostri
472 663 637 697 salvatoris

210 716 340 754 Semper
366 716 397 745 et
418 713 450 744 in
476 711 594 744 cunctis
618 710 714 749 horis,

138 765 177 796 V.
207 762 279 794 Illic
303 769 375 792 ossa
399 762 472 790 sunt
495 758 618 798 sepulta

207 807 359 847 Martyris
383 809 415 837 et
437 807 518 838 bene
541 805 635 836 culta.

298 937 343 968 In
367 935 593 968 Laudibus,

354 1017 548 1054 Antiphonae.

158 1089 189 1120 1.
215 1087 300 1119 Deus
327 1086 469 1118 decorem
491 1084 595 1116 induit

213 1133 412 1165 Theodorum
436 1134 468 1163 et
490 1131 628 1171 instruit,

213 1180 340 1211 Habere
364 1177 578 1210 fortitudinem

217 1225 390 1264 cordisque
411 1223 663 1263 magnitudinem.

158 1304 189 1334 2.
216 1301 290 1332 Jesu
316 1299 438 1331 Christo
461 1298 593 1336 jubilate

216 1346 260 1378 Et
283 1346 480 1378 Theodorum
505 1344 642 1382 laudate,

218 1393 309 1425 Idola
334 1392 406 1432 quia
431 1390 583 1430 confregit

218 1439 263 1471 Et
286 1439 327 1470 ad
350 1437 481 1469 nihilum
505 1437 636 1476 redegit.

165 1517 196 1548 3.
221 1513 315 1545 Miles
340 1515 436 1543 totum
461 1520 496 1542 se
517 1512 642 1550 paravit

220 1560 263 1592 Et
288 1559 329 1591 ad
351 1558 452 1590 Deum
477 1558 627 1598 vigilavit,

221 1605 356 1638 Multum
380 1605 529 1644 populum
555 1604 709 1636 convertit

221 1653 262 1684 Et
288 1652 454 1684 simulacra
477 1651 642 1684 subvertit.

168 1729 200 1760 4.
225 1726 352 1760 Faculis
382 1728 429 1757 est
452 1724 659 1757 flamminatus

222 1774 266 1805 Et
288 1772 458 1812 plumbatis
484 1775 531 1803 est
554 1775 717 1813 mactatus,

221 1820 299 1858 Ejus
323 1819 452 1851 vulnera
477 1818 590 1851 fricata

223 1866 304 1898 Sunt
328 1870 359 1897 et
381 1866 504 1905 ungulis
530 1868 685 1905 quassat-a.

168 1944 199 1975 5.
224 1942 260 1973 In
288 1940 418 1972 excelsis
443 1940 619 1972 collaudate

223 1986 389 2019 Dominum
414 1989 508 2026 atque
533 1988 665 2025 cantate,

226 2034 284 2072 Qui
308 2033 508 2065 Theodorum
532 2034 649 2064 amavit

223 2081 269 2112 Et
289 2080 324 2111 in
346 2087 476 2119 regnum
501 2079 674 2111 collocavit.

806 250 845 283 A.

987 190 1032 217 Ad
1051 189 1235 218 Benedictus.

876 248 1013 281 Sacram
1045 246 1142 286 hujus
1175 245 1239 277 diei
1262 242 1424 276 sollemni-

874 297 970 327 tatem
994 293 1111 326 humili
1127 292 1314 325 celebremus
1332 290 1423 321 devo-

875 342 977 383 tione,
1020 349 1086 380 qua
1122 338 1261 371 invictus
1303 334 1428 368 Oka-isti

876 389 1003 427 martyr
1041 389 1181 426 tyranno
1224 383 1341 415 devicto
1373 391 1425 412 m-

875 435 999 475 siynem
1010 432 1162 464 victoriae
1170 430 1322 470 palmam
1340 427 1426 460 caelo

876 481 1021 522 yaudems
1046 478 1164 511 intulit.

937 612 983 645 In
1011 612 1042 645 2.
1069 609 1290 649 Vesperis.

1020 684 1215 721 Antiphonae.

880 746 918 778 In
943 741 1164 783 splendoribus
1189 743 1368 772 sanctorum

880 791 968 824 Dixit
988 789 1065 822 mihi
1086 788 1256 821 Dominus:

881 838 1001 878 Gaude,
1027 835 1116 868 miles
1141 834 1316 873 Theodore,

882 885 996 917 Tecum
1021 892 1088 915 sum
1113 882 1146 913 in
1172 881 1352 913 certamine.

850 988 856 994 .
880 959 1008 992 Fidelia
1031 957 1163 997 eloquia,

882 1007 967 1045 Quae
993 1004 1082 1037 dedit
1104 1004 1298 1044 Theodorus,

884 1053 1013 1091 Quando
1038 1050 1195 1091 prompsit
1218 1053 1383 1082 oretenus:

886 1098 1066 1131 Confitebor
1089 1097 1158 1137 tibi,
1184 1097 1280 1129 Deus.

850 1200 857 1207 .
884 1174 1000 1206 Beatus
1023 1173 1074 1204 vir
1097 1173 1130 1204 in
1156 1180 1261 1211 opere,

886 1220 945 1258 Qui
968 1221 1058 1251 timet
1079 1229 1140 1251 non
1167 1219 1357 1258 impropere‚

885 1268 973 1299 Sicut
996 1266 1071 1297 fecit
1096 1265 1291 1308 Theodorus,

886 1313 1008 1346 Fidelis
1029 1312 1092 1344 Dei
1119 1311 1266 1345 famulus,

887 1387 1030 1420 Laudate
1053 1387 1145 1427 pueri
1169 1386 1347 1428 Dominum,

891 1434 949 1472 Qui
966 1435 1005 1465 ad
1025 1437 1111 1465 astra
1125 1433 1215 1465 duxit
1225 1434 1434 1474 Theodorum,

888 1481 952 1515 Ubi
978 1481 1094 1520 gaudet
1117 1480 1298 1520 perenniter

891 1527 966 1560 Cum
984 1527 1103 1567 angelis
1120 1525 1266 1560 feliciter.

858 1629 865 1636 .
893 1601 1030 1640 Credidi,
1057 1605 1189 1642 propter
1213 1604 1296 1642 quod

890 1650 1028 1681 Locutus
1053 1658 1130 1692 sum,
1158 1649 1231 1689 quia

891 1696 961 1729 Jam
988 1696 1076 1728 dedit
1093 1695 1171 1727 mihi
1191 1696 1346 1728 Dominus

892 1743 974 1774 Suae
997 1751 1144 1775 coronam
1169 1742 1295 1783 gloriae.

1008 1826 1054 1854 Ad
1072 1825 1250 1862 Magnificat.

857 1919 865 1926 .
893 1892 959 1925 Hic
999 1895 1043 1925 est
1078 1893 1280 1926 beatissimus
1315 1896 1442 1936 martyr

898 1937 1016 1972 Christi
1045 1939 1248 1982 Theodorus,
1287 1941 1344 1980 qui
1374 1951 1443 1974 own

892 1989 936 2018 est
972 1986 1136 2019 derelictus
1169 1997 1191 2018 a
1219 1988 1290 2020 Deo
1323 1988 1361 2019 in
1394 1988 1445 2020 die

895 2034 1079 2066 certaminis
1109 2034 1179 2077 sm,
1215 2037 1243 2066 et
1274 2035 1343 2074 {pse
1367 2043 1441 2067 oon-

896 2080 1029 2112 culcavz't
1051 2081 1148 2119 caput
1173 2081 1335 2114 draconis.

231 2153 334 2181 Officia
353 2161 403 2180 ms.
424 2153 610 2180 Brundusina
627 2160 702 2179 saec
726 2151 769 2180 15.
804 2152 872 2180 Cod.
892 2154 1033 2182 Oxonien
1046 2154 1170 2182 Miscell.
1185 2154 1298 2191 Litzulg·⁸
1320 2152 1384 2183 358.
1406 2172 1442 2176 —

154 2193 196 2220 In
222 2190 248 2218 1.
270 2192 368 2219 Noet.
387 2190 409 2216 Α
434 2188 509 2224 2,1
542 2190 721 2217 fremuexunt
745 2193 853 2226 gentes.
878 2205 915 2210 —-
935 2191 954 2216 R
974 2188 1052 2225 2,1
1071 2192 1141 2219 Lies
1160 2164 1316 2220 Euchaita.
1343 2208 1380 2213 ——
1403 2195 1446 2222 In

156 2228 182 2256 2.
202 2230 305 2257 Noet.
327 2226 347 2254 R
374 2226 405 2263 2,
433 2226 450 2256 3
470 2230 502 2256 in
520 2236 610 2255 cruce.
631 2242 669 2247 -—
687 2227 744 2255 Die
763 2227 912 2255 Herkunst
930 2228 980 2256 der
999 2212 1054 2256 'Hs
1074 2228 1165 2264 (einer
1188 2229 1363 2265 Augustiner
1381 2232 1448 2267 Hs.)

155 2268 277 2295 beweist
299 2267 346 2293 die
372 2265 506 2302 folgende
533 2266 681 2301 Antiphon
707 2266 739 2292 in
769 2265 989 2301 „Translatione
1016 2266 1045 2294 S.
1070 2266 1248 2294 Theodori&
1286 2268 1310 2296 Ο

1338 2272 1448 2305 quanta

158 2308 202 2332 est
225 2304 311 2338 hujus
333 2304 474 2332 basilicae
494 2304 625 2339 devotio,
649 2311 723 2338 quae
742 2303 822 2331 beati
839 2303 998 2337 Theodori,
1022 2306 1160 2338 martyris
1181 2306 1292 2341 eximii,
1319 2307 1449 2343 gloriosa

157 2343 286 2371 membra
303 2343 409 2369 meluit.
427 2341 548 2370 caelitus
568 2343 705 2377 recipere.
