<?xml version="1.0" encoding="UTF-8"?>
<!DOCTYPE html PUBLIC "-//W3C//DTD XHTML 1.0 Transitional//EN"
    "http://www.w3.org/TR/xhtml1/DTD/xhtml1-transitional.dtd">
<html xmlns="http://www.w3.org/1999/xhtml" xml:lang="en" lang="en">
 <head>
  <title>
</title>
<meta http-equiv="Content-Type" content="text/html;charset=utf-8" />
  <meta name='ocr-system' content='tesseract 3.04.00' />
  <meta name='ocr-capabilities' content='ocr_page ocr_carea ocr_par ocr_line ocrx_word'/>
</head>
<body>
  <div class='ocr_page' id='page_1' title='image "./analectahymnica24drevuoft_00263.png"; bbox 0 0 1652 2615; ppageno 0'>
   <div class='ocr_carea' id='block_1_1' title="bbox 739 142 963 160">
    <p class='ocr_par' dir='ltr' id='par_1_1' title="bbox 739 142 963 160">
     <span class='ocr_line' id='line_1_1' title="bbox 739 142 963 160; baseline 0 0"><span class='ocrx_word' id='word_1_1' title='bbox 739 147 742 150; x_wconf 95' lang='lat'>·</span> <span class='ocrx_word' id='word_1_2' title='bbox 802 142 870 160; x_wconf 62' lang='lat' dir='ltr'>:Mu</span> <span class='ocrx_word' id='word_1_3' title='bbox 918 145 963 150; x_wconf 77' lang='lat'>—&#39;</span> 
     </span>
    </p>
   </div>
   <div class='ocr_carea' id='block_1_2' title="bbox 391 221 593 254">
    <p class='ocr_par' dir='ltr' id='par_1_2' title="bbox 391 221 593 254">
     <span class='ocr_line' id='line_1_2' title="bbox 391 221 593 254; baseline -0.015 -5"><span class='ocrx_word' id='word_1_4' title='bbox 391 221 593 254; x_wconf 69' lang='lat' dir='ltr'>Responsoria.</span> 
     </span>
    </p>
   </div>
   <div class='ocr_carea' id='block_1_3' title="bbox 211 295 736 427">
    <p class='ocr_par' dir='ltr' id='par_1_3' title="bbox 211 295 736 427">
     <span class='ocr_line' id='line_1_3' title="bbox 211 295 686 333; baseline -0.008 -4"><span class='ocrx_word' id='word_1_5' title='bbox 211 297 241 329; x_wconf 80' lang='lat'>1.</span> <span class='ocrx_word' id='word_1_6' title='bbox 263 296 389 328; x_wconf 85' lang='lat' dir='ltr'>Stantes</span> <span class='ocrx_word' id='word_1_7' title='bbox 414 296 513 327; x_wconf 86' lang='lat' dir='ltr'>sancti</span> <span class='ocrx_word' id='word_1_8' title='bbox 540 295 686 333; x_wconf 88' lang='lat' dir='ltr'>discipuli</span> 
     </span>
     <span class='ocr_line' id='line_1_4' title="bbox 307 342 702 375; baseline -0.008 0"><span class='ocrx_word' id='word_1_9' title='bbox 307 345 406 375; x_wconf 89' lang='lat' dir='ltr'>Actus</span> <span class='ocrx_word' id='word_1_10' title='bbox 431 342 518 374; x_wconf 86' lang='lat' dir='ltr'>Petri</span> <span class='ocrx_word' id='word_1_11' title='bbox 542 344 702 373; x_wconf 78' lang='lat' dir='ltr'>cernentes</span> 
     </span>
     <span class='ocr_line' id='line_1_5' title="bbox 263 387 736 427; baseline -0.011 -5"><span class='ocrx_word' id='word_1_12' title='bbox 263 391 325 422; x_wconf 86' lang='lat' dir='ltr'>Pro</span> <span class='ocrx_word' id='word_1_13' title='bbox 349 389 473 421; x_wconf 85' lang='lat' dir='ltr'>infirma</span> <span class='ocrx_word' id='word_1_14' title='bbox 498 389 568 420; x_wconf 87' lang='lat' dir='ltr'>dum</span> <span class='ocrx_word' id='word_1_15' title='bbox 594 387 736 427; x_wconf 86' lang='lat' dir='ltr'>quaeruli</span> 
     </span>
    </p>
   </div>
   <div class='ocr_carea' id='block_1_4' title="bbox 309 436 765 474">
    <p class='ocr_par' dir='ltr' id='par_1_4' title="bbox 309 436 765 474">
     <span class='ocr_line' id='line_1_6' title="bbox 309 436 765 474; baseline -0.007 -7"><span class='ocrx_word' id='word_1_16' title='bbox 309 436 388 467; x_wconf 86' lang='lat' dir='ltr'>Sunt</span> <span class='ocrx_word' id='word_1_17' title='bbox 411 438 504 474; x_wconf 79' lang='lat' dir='ltr'>atquc</span> <span class='ocrx_word' id='word_1_18' title='bbox 527 437 765 472; x_wconf 69' lang='lat' dir='ltr'>murmurantes,</span> 
     </span>
    </p>
   </div>
   <div class='ocr_carea' id='block_1_5' title="bbox 193 480 718 700">
    <p class='ocr_par' dir='ltr' id='par_1_5' title="bbox 193 480 718 700">
     <span class='ocr_line' id='line_1_7' title="bbox 263 480 699 521; baseline -0.007 -8"><span class='ocrx_word' id='word_1_19' title='bbox 263 483 383 521; x_wconf 81' lang='lat' dir='ltr'>Petrus,</span> <span class='ocrx_word' id='word_1_20' title='bbox 409 481 495 520; x_wconf 78' lang='lat' dir='ltr'>cujus</span> <span class='ocrx_word' id='word_1_21' title='bbox 521 485 592 512; x_wconf 90' lang='lat' dir='ltr'>sunt</span> <span class='ocrx_word' id='word_1_22' title='bbox 617 480 699 512; x_wconf 90' lang='lat' dir='ltr'>oculi</span> 
     </span>
     <span class='ocr_line' id='line_1_8' title="bbox 308 527 697 563; baseline -0.01 -2"><span class='ocrx_word' id='word_1_23' title='bbox 308 529 427 561; x_wconf 83' lang='lat' dir='ltr'>Cuncta</span> <span class='ocrx_word' id='word_1_24' title='bbox 453 527 697 563; x_wconf 67' lang='lat' dir='ltr'>considerantes,</span> 
     </span>
     <span class='ocr_line' id='line_1_9' title="bbox 193 573 675 613; baseline -0.004 -7"><span class='ocrx_word' id='word_1_25' title='bbox 193 576 228 608; x_wconf 81' lang='lat' dir='ltr'>V,</span> <span class='ocrx_word' id='word_1_26' title='bbox 259 575 385 606; x_wconf 73' lang='lat' dir='ltr'>sanavit</span> <span class='ocrx_word' id='word_1_27' title='bbox 410 574 500 613; x_wconf 86' lang='lat' dir='ltr'>hanc,</span> <span class='ocrx_word' id='word_1_28' title='bbox 529 573 675 613; x_wconf 88' lang='lat' dir='ltr'>discipuli</span> 
     </span>
     <span class='ocr_line' id='line_1_10' title="bbox 261 620 667 659; baseline -0.005 -7"><span class='ocrx_word' id='word_1_29' title='bbox 261 621 373 652; x_wconf 84' lang='lat' dir='ltr'>Effecti</span> <span class='ocrx_word' id='word_1_30' title='bbox 398 623 470 652; x_wconf 88' lang='lat' dir='ltr'>sunt</span> <span class='ocrx_word' id='word_1_31' title='bbox 494 620 667 659; x_wconf 84' lang='lat' dir='ltr'>laetissimi,</span> 
     </span>
     <span class='ocr_line' id='line_1_11' title="bbox 304 667 718 700; baseline 0 -1"><span class='ocrx_word' id='word_1_32' title='bbox 304 668 534 700; x_wconf 76' lang='lat' dir='ltr'>Ministrantem</span> <span class='ocrx_word' id='word_1_33' title='bbox 559 667 718 699; x_wconf 79' lang='lat' dir='ltr'>mirantes,</span> 
     </span>
    </p>
   </div>
   <div class='ocr_carea' id='block_1_6' title="bbox 191 732 707 1137">
    <p class='ocr_par' dir='ltr' id='par_1_6' title="bbox 191 732 707 1137">
     <span class='ocr_line' id='line_1_12' title="bbox 204 732 673 771; baseline -0.004 -7"><span class='ocrx_word' id='word_1_34' title='bbox 204 735 235 764; x_wconf 74' lang='lat'>2.</span> <span class='ocrx_word' id='word_1_35' title='bbox 261 733 346 764; x_wconf 86' lang='lat' dir='ltr'>Petri</span> <span class='ocrx_word' id='word_1_36' title='bbox 369 735 445 764; x_wconf 89' lang='lat' dir='ltr'>nata</span> <span class='ocrx_word' id='word_1_37' title='bbox 467 732 673 771; x_wconf 85' lang='lat' dir='ltr'>sanctissima,</span> 
     </span>
     <span class='ocr_line' id='line_1_13' title="bbox 307 779 667 819; baseline -0.006 -8"><span class='ocrx_word' id='word_1_38' title='bbox 307 780 443 811; x_wconf 88' lang='lat' dir='ltr'>Pulchra</span> <span class='ocrx_word' id='word_1_39' title='bbox 468 781 497 809; x_wconf 87' lang='lat' dir='ltr'>et</span> <span class='ocrx_word' id='word_1_40' title='bbox 520 779 667 819; x_wconf 83' lang='lat' dir='ltr'>gratiosa,</span> 
     </span>
     <span class='ocr_line' id='line_1_14' title="bbox 259 825 561 857; baseline -0.003 0"><span class='ocrx_word' id='word_1_41' title='bbox 259 825 350 857; x_wconf 81' lang='lat' dir='ltr'>Jacet</span> <span class='ocrx_word' id='word_1_42' title='bbox 373 825 561 857; x_wconf 87' lang='lat' dir='ltr'>oboedentia</span> 
     </span>
     <span class='ocr_line' id='line_1_15' title="bbox 305 872 707 911; baseline -0.005 -7"><span class='ocrx_word' id='word_1_43' title='bbox 305 873 409 904; x_wconf 82' lang='lat' dir='ltr'>Patris</span> <span class='ocrx_word' id='word_1_44' title='bbox 434 880 589 910; x_wconf 86' lang='lat' dir='ltr'>nunquam</span> <span class='ocrx_word' id='word_1_45' title='bbox 615 872 707 911; x_wconf 83' lang='lat' dir='ltr'>irosa,</span> 
     </span>
     <span class='ocr_line' id='line_1_16' title="bbox 260 918 608 957; baseline -0.006 -7"><span class='ocrx_word' id='word_1_46' title='bbox 260 919 309 951; x_wconf 80' lang='lat' dir='ltr'>Ex</span> <span class='ocrx_word' id='word_1_47' title='bbox 333 919 432 950; x_wconf 85' lang='lat' dir='ltr'>multa</span> <span class='ocrx_word' id='word_1_48' title='bbox 455 918 608 957; x_wconf 85' lang='lat' dir='ltr'>patientia</span> 
     </span>
     <span class='ocr_line' id='line_1_17' title="bbox 307 965 700 1007; baseline -0.003 -11"><span class='ocrx_word' id='word_1_49' title='bbox 307 966 437 1007; x_wconf 80' lang='lat' dir='ltr'>Semper</span> <span class='ocrx_word' id='word_1_50' title='bbox 462 967 510 995; x_wconf 74' lang='lat' dir='ltr'>est,</span> <span class='ocrx_word' id='word_1_51' title='bbox 533 965 700 1004; x_wconf 78' lang='lat' dir='ltr'>gaudiosa3</span> 
     </span>
     <span class='ocr_line' id='line_1_18' title="bbox 191 1010 695 1049; baseline 0.002 -6"><span class='ocrx_word' id='word_1_52' title='bbox 191 1012 227 1044; x_wconf 93' lang='lat' dir='ltr'>V.</span> <span class='ocrx_word' id='word_1_53' title='bbox 259 1011 335 1043; x_wconf 80' lang='lat' dir='ltr'>Post</span> <span class='ocrx_word' id='word_1_54' title='bbox 356 1010 441 1043; x_wconf 82' lang='lat' dir='ltr'>facta</span> <span class='ocrx_word' id='word_1_55' title='bbox 464 1010 695 1049; x_wconf 83' lang='lat' dir='ltr'>perfectissima</span> 
     </span>
     <span class='ocr_line' id='line_1_19' title="bbox 259 1058 637 1097; baseline 0 -8"><span class='ocrx_word' id='word_1_56' title='bbox 259 1059 297 1090; x_wconf 90' lang='lat' dir='ltr'>In</span> <span class='ocrx_word' id='word_1_57' title='bbox 323 1066 454 1097; x_wconf 89' lang='lat' dir='ltr'>corpore</span> <span class='ocrx_word' id='word_1_58' title='bbox 479 1060 511 1087; x_wconf 88' lang='lat' dir='ltr'>et.</span> <span class='ocrx_word' id='word_1_59' title='bbox 534 1058 637 1089; x_wconf 86' lang='lat' dir='ltr'>anima</span> 
     </span>
     <span class='ocr_line' id='line_1_20' title="bbox 306 1104 655 1137; baseline 0 -1"><span class='ocrx_word' id='word_1_60' title='bbox 306 1104 440 1136; x_wconf 86' lang='lat' dir='ltr'>Redolet</span> <span class='ocrx_word' id='word_1_61' title='bbox 464 1104 549 1135; x_wconf 88' lang='lat' dir='ltr'>velut</span> <span class='ocrx_word' id='word_1_62' title='bbox 573 1112 655 1137; x_wconf 87' lang='lat' dir='ltr'>rosa.</span> 
     </span>
    </p>
   </div>
   <div class='ocr_carea' id='block_1_7' title="bbox 191 1168 717 1578">
    <p class='ocr_par' dir='ltr' id='par_1_7' title="bbox 191 1168 717 1578">
     <span class='ocr_line' id='line_1_21' title="bbox 203 1168 646 1207; baseline -0.005 -6"><span class='ocrx_word' id='word_1_63' title='bbox 203 1171 233 1201; x_wconf 84' lang='lat'>3.</span> <span class='ocrx_word' id='word_1_64' title='bbox 260 1169 364 1201; x_wconf 90' lang='lat' dir='ltr'>Odore</span> <span class='ocrx_word' id='word_1_65' title='bbox 388 1168 490 1200; x_wconf 82' lang='lat' dir='ltr'>famae</span> <span class='ocrx_word' id='word_1_66' title='bbox 516 1168 646 1207; x_wconf 87' lang='lat' dir='ltr'>virginis</span> 
     </span>
     <span class='ocr_line' id='line_1_22' title="bbox 305 1215 709 1246; baseline 0 -1"><span class='ocrx_word' id='word_1_67' title='bbox 305 1215 375 1246; x_wconf 81' lang='lat' dir='ltr'>Jam</span> <span class='ocrx_word' id='word_1_68' title='bbox 401 1215 504 1246; x_wconf 84' lang='lat' dir='ltr'>cuncti</span> <span class='ocrx_word' id='word_1_69' title='bbox 528 1217 709 1246; x_wconf 82' lang='lat' dir='ltr'>recreantur</span> 
     </span>
     <span class='ocr_line' id='line_1_23' title="bbox 258 1261 610 1301; baseline -0.003 -9"><span class='ocrx_word' id='word_1_70' title='bbox 258 1261 399 1301; x_wconf 83' lang='lat' dir='ltr'>Eamque</span> <span class='ocrx_word' id='word_1_71' title='bbox 423 1261 487 1291; x_wconf 88' lang='lat' dir='ltr'>suis</span> <span class='ocrx_word' id='word_1_72' title='bbox 513 1261 610 1292; x_wconf 87' lang='lat' dir='ltr'>oculis</span> 
     </span>
     <span class='ocr_line' id='line_1_24' title="bbox 306 1307 651 1347; baseline -0.003 -8"><span class='ocrx_word' id='word_1_73' title='bbox 306 1308 422 1339; x_wconf 86' lang='lat' dir='ltr'>Videre</span> <span class='ocrx_word' id='word_1_74' title='bbox 447 1307 651 1347; x_wconf 84' lang='lat' dir='ltr'>delectantur,</span> 
     </span>
     <span class='ocr_line' id='line_1_25' title="bbox 265 1354 629 1385; baseline 0 -1"><span class='ocrx_word' id='word_1_75' title='bbox 265 1354 305 1385; x_wconf 88' lang='lat' dir='ltr'>Et</span> <span class='ocrx_word' id='word_1_76' title='bbox 330 1354 509 1385; x_wconf 82' lang='lat' dir='ltr'>laborantes</span> <span class='ocrx_word' id='word_1_77' title='bbox 532 1354 629 1384; x_wconf 86' lang='lat' dir='ltr'>variis</span> 
     </span>
     <span class='ocr_line' id='line_1_26' title="bbox 306 1400 705 1440; baseline -0.005 -8"><span class='ocrx_word' id='word_1_78' title='bbox 306 1400 521 1440; x_wconf 85' lang='lat' dir='ltr'>Languoribus</span> <span class='ocrx_word' id='word_1_79' title='bbox 545 1403 705 1439; x_wconf 83' lang='lat' dir='ltr'>sanantur,</span> 
     </span>
     <span class='ocr_line' id='line_1_27' title="bbox 191 1446 687 1478; baseline -0.002 0"><span class='ocrx_word' id='word_1_80' title='bbox 191 1447 227 1478; x_wconf 92' lang='lat' dir='ltr'>V.</span> <span class='ocrx_word' id='word_1_81' title='bbox 259 1447 372 1478; x_wconf 82' lang='lat' dir='ltr'>Verbis</span> <span class='ocrx_word' id='word_1_82' title='bbox 396 1446 459 1477; x_wconf 87' lang='lat' dir='ltr'>suis</span> <span class='ocrx_word' id='word_1_83' title='bbox 484 1447 687 1478; x_wconf 81' lang='lat' dir='ltr'>sanctissimis</span> 
     </span>
     <span class='ocr_line' id='line_1_28' title="bbox 259 1493 647 1525; baseline -0.003 -1"><span class='ocrx_word' id='word_1_84' title='bbox 259 1494 303 1525; x_wconf 77' lang='lat' dir='ltr'>Et</span> <span class='ocrx_word' id='word_1_85' title='bbox 326 1493 404 1524; x_wconf 87' lang='lat' dir='ltr'>actis</span> <span class='ocrx_word' id='word_1_86' title='bbox 429 1493 647 1524; x_wconf 82' lang='lat' dir='ltr'>sacratissimis</span> 
     </span>
     <span class='ocr_line' id='line_1_29' title="bbox 306 1539 717 1578; baseline 0 -7"><span class='ocrx_word' id='word_1_87' title='bbox 306 1540 418 1571; x_wconf 86' lang='lat' dir='ltr'>Omnes</span> <span class='ocrx_word' id='word_1_88' title='bbox 443 1539 535 1578; x_wconf 83' lang='lat' dir='ltr'>plene</span> <span class='ocrx_word' id='word_1_89' title='bbox 560 1542 717 1573; x_wconf 89' lang='lat' dir='ltr'>curantur.</span> 
     </span>
    </p>
   </div>
   <div class='ocr_carea' id='block_1_8' title="bbox 318 1678 669 1712">
    <p class='ocr_par' dir='ltr' id='par_1_8' title="bbox 318 1678 669 1712">
     <span class='ocr_line' id='line_1_30' title="bbox 318 1678 669 1712; baseline 0.003 -1"><span class='ocrx_word' id='word_1_90' title='bbox 318 1679 363 1711; x_wconf 79' lang='lat' dir='ltr'>ln</span> <span class='ocrx_word' id='word_1_91' title='bbox 386 1680 416 1712; x_wconf 82' lang='lat'>2.</span> <span class='ocrx_word' id='word_1_92' title='bbox 444 1678 669 1712; x_wconf 87' lang='lat' dir='ltr'>Nocturno.</span> 
     </span>
    </p>
   </div>
   <div class='ocr_carea' id='block_1_9' title="bbox 398 1752 588 1787">
    <p class='ocr_par' dir='ltr' id='par_1_9' title="bbox 398 1752 588 1787">
     <span class='ocr_line' id='line_1_31' title="bbox 398 1752 588 1787; baseline 0.005 -9"><span class='ocrx_word' id='word_1_93' title='bbox 398 1752 588 1787; x_wconf 80' lang='lat' dir='ltr'>Antiphonae.</span> 
     </span>
    </p>
   </div>
   <div class='ocr_carea' id='block_1_10' title="bbox 202 1808 671 1982">
    <p class='ocr_par' dir='ltr' id='par_1_10' title="bbox 202 1808 671 1848">
     <span class='ocr_line' id='line_1_32' title="bbox 202 1808 671 1848; baseline 0.004 -8"><span class='ocrx_word' id='word_1_94' title='bbox 202 1809 231 1842; x_wconf 86' lang='lat'>1.</span> <span class='ocrx_word' id='word_1_95' title='bbox 258 1808 390 1841; x_wconf 80' lang='lat' dir='ltr'>Sanctae</span> <span class='ocrx_word' id='word_1_96' title='bbox 413 1809 541 1848; x_wconf 84' lang='lat' dir='ltr'>virginis</span> <span class='ocrx_word' id='word_1_97' title='bbox 566 1811 671 1848; x_wconf 88' lang='lat' dir='ltr'>specie</span> 
     </span>
    </p>

    <p class='ocr_par' dir='ltr' id='par_1_11' title="bbox 255 1855 667 1941">
     <span class='ocr_line' id='line_1_33' title="bbox 301 1855 667 1897; baseline 0.005 -11"><span class='ocrx_word' id='word_1_98' title='bbox 301 1855 386 1887; x_wconf 89' lang='lat' dir='ltr'>Deus</span> <span class='ocrx_word' id='word_1_99' title='bbox 412 1857 460 1886; x_wconf 88' lang='lat' dir='ltr'>est</span> <span class='ocrx_word' id='word_1_100' title='bbox 485 1856 667 1897; x_wconf 85' lang='lat' dir='ltr'>delectatus,</span> 
     </span>
     <span class='ocr_line' id='line_1_34' title="bbox 255 1902 624 1941; baseline 0.003 -8"><span class='ocrx_word' id='word_1_101' title='bbox 255 1902 332 1940; x_wconf 71' lang='lat' dir='ltr'>Quia</span> <span class='ocrx_word' id='word_1_102' title='bbox 357 1905 404 1933; x_wconf 80' lang='lat' dir='ltr'>est</span> <span class='ocrx_word' id='word_1_103' title='bbox 426 1902 624 1941; x_wconf 81' lang='lat' dir='ltr'>plenitudine</span> 
     </span>
    </p>

    <p class='ocr_par' dir='ltr' id='par_1_12' title="bbox 300 1949 650 1982">
     <span class='ocr_line' id='line_1_35' title="bbox 300 1949 650 1982; baseline 0.009 -3"><span class='ocrx_word' id='word_1_104' title='bbox 300 1949 414 1980; x_wconf 82' lang='lat' dir='ltr'>Plenus</span> <span class='ocrx_word' id='word_1_105' title='bbox 439 1949 487 1979; x_wconf 85' lang='lat' dir='ltr'>sui</span> <span class='ocrx_word' id='word_1_106' title='bbox 512 1952 650 1982; x_wconf 89' lang='lat' dir='ltr'>ornatus.</span> 
     </span>
    </p>
   </div>
   <div class='ocr_carea' id='block_1_11' title="bbox 195 2013 611 2187">
    <p class='ocr_par' dir='ltr' id='par_1_13' title="bbox 195 2013 611 2092">
     <span class='ocr_line' id='line_1_36' title="bbox 195 2013 611 2053; baseline 0.002 -8"><span class='ocrx_word' id='word_1_107' title='bbox 195 2015 225 2045; x_wconf 88' lang='lat'>2.</span> <span class='ocrx_word' id='word_1_108' title='bbox 250 2014 411 2053; x_wconf 78' lang='lat' dir='ltr'>AdJuvata</span> <span class='ocrx_word' id='word_1_109' title='bbox 435 2023 454 2044; x_wconf 84' lang='lat' dir='ltr'>a</span> <span class='ocrx_word' id='word_1_110' title='bbox 477 2013 611 2046; x_wconf 88' lang='lat' dir='ltr'>Domino</span> 
     </span>
     <span class='ocr_line' id='line_1_37' title="bbox 299 2060 591 2092; baseline 0.003 -1"><span class='ocrx_word' id='word_1_111' title='bbox 299 2060 472 2092; x_wconf 84' lang='lat' dir='ltr'>Petronilla</span> <span class='ocrx_word' id='word_1_112' title='bbox 499 2060 591 2092; x_wconf 86' lang='lat' dir='ltr'>beata</span> 
     </span>
    </p>

    <p class='ocr_par' dir='ltr' id='par_1_14' title="bbox 249 2105 596 2187">
     <span class='ocr_line' id='line_1_38' title="bbox 249 2105 559 2138; baseline -0.003 0"><span class='ocrx_word' id='word_1_113' title='bbox 249 2108 279 2138; x_wconf 91' lang='lat' dir='ltr'><strong>A</strong></span> <span class='ocrx_word' id='word_1_114' title='bbox 304 2107 416 2138; x_wconf 88' lang='lat' dir='ltr'>comite</span> <span class='ocrx_word' id='word_1_115' title='bbox 439 2105 559 2138; x_wconf 84' lang='lat' dir='ltr'>nefario</span> 
     </span>
     <span class='ocr_line' id='line_1_39' title="bbox 296 2153 596 2187; baseline 0.003 -2"><span class='ocrx_word' id='word_1_116' title='bbox 296 2154 429 2185; x_wconf 78' lang='lat' dir='ltr'>Exstitit</span> <span class='ocrx_word' id='word_1_117' title='bbox 451 2153 596 2187; x_wconf 81' lang='lat' dir='ltr'>liberata.</span> 
     </span>
    </p>
   </div>
   <div class='ocr_carea' id='block_1_12' title="bbox 192 2218 674 2405">
    <p class='ocr_par' dir='ltr' id='par_1_15' title="bbox 192 2218 674 2310">
     <span class='ocr_line' id='line_1_40' title="bbox 192 2218 623 2260; baseline 0.002 -9"><span class='ocrx_word' id='word_1_118' title='bbox 192 2220 221 2251; x_wconf 85' lang='lat'>3.</span> <span class='ocrx_word' id='word_1_119' title='bbox 248 2219 396 2251; x_wconf 78' lang='lat' dir='ltr'>Exsultat</span> <span class='ocrx_word' id='word_1_120' title='bbox 417 2221 526 2252; x_wconf 84' lang='lat' dir='ltr'>sancta</span> <span class='ocrx_word' id='word_1_121' title='bbox 548 2218 623 2260; x_wconf 81' lang='lat' dir='ltr'>filia,</span> 
     </span>
     <span class='ocr_line' id='line_1_41' title="bbox 298 2265 674 2310; baseline 0.003 -12"><span class='ocrx_word' id='word_1_122' title='bbox 298 2267 383 2305; x_wconf 80' lang='lat' dir='ltr'>Quae</span> <span class='ocrx_word' id='word_1_123' title='bbox 407 2275 427 2298; x_wconf 84' lang='lat' dir='ltr'>a</span> <span class='ocrx_word' id='word_1_124' title='bbox 448 2265 517 2298; x_wconf 86' lang='lat' dir='ltr'>Deo</span> <span class='ocrx_word' id='word_1_125' title='bbox 542 2270 674 2310; x_wconf 83' lang='lat' dir='ltr'>amatur,</span> 
     </span>
    </p>

    <p class='ocr_par' dir='ltr' id='par_1_16' title="bbox 248 2313 672 2405">
     <span class='ocr_line' id='line_1_42' title="bbox 248 2313 626 2358; baseline 0.005 -13"><span class='ocrx_word' id='word_1_126' title='bbox 248 2314 385 2353; x_wconf 84' lang='lat' dir='ltr'>Propter</span> <span class='ocrx_word' id='word_1_127' title='bbox 410 2313 475 2352; x_wconf 83' lang='lat' dir='ltr'>ejus</span> <span class='ocrx_word' id='word_1_128' title='bbox 497 2314 626 2358; x_wconf 82' lang='lat' dir='ltr'>judicia,</span> 
     </span>
     <span class='ocr_line' id='line_1_43' title="bbox 291 2360 672 2405; baseline 0.003 -10"><span class='ocrx_word' id='word_1_129' title='bbox 291 2361 327 2395; x_wconf 90' lang='lat' dir='ltr'>In</span> <span class='ocrx_word' id='word_1_130' title='bbox 353 2360 465 2405; x_wconf 77' lang='lat' dir='ltr'>quibus</span> <span class='ocrx_word' id='word_1_131' title='bbox 491 2361 672 2396; x_wconf 86' lang='lat' dir='ltr'>delectatur.</span> 
     </span>
    </p>
   </div>
   <div class='ocr_carea' id='block_1_13' title="bbox 1071 213 1337 255">
    <p class='ocr_par' dir='ltr' id='par_1_17' title="bbox 1071 213 1337 255">
     <span class='ocr_line' id='line_1_44' title="bbox 1071 213 1337 255; baseline -0.004 -7"><span class='ocrx_word' id='word_1_132' title='bbox 1071 220 1275 255; x_wconf 77' lang='lat' dir='ltr'>Responsoria.</span> <span class='ocrx_word' id='word_1_133' title='bbox 1334 213 1337 216; x_wconf 51' lang='lat'>¹</span> 
     </span>
    </p>
   </div>
   <div class='ocr_carea' id='block_1_14' title="bbox 877 295 1448 568">
    <p class='ocr_par' dir='ltr' id='par_1_18' title="bbox 877 295 1448 568">
     <span class='ocr_line' id='line_1_45' title="bbox 877 295 1407 337; baseline -0.002 -10"><span class='ocrx_word' id='word_1_134' title='bbox 877 295 906 327; x_wconf 83' lang='lat'>1.</span> <span class='ocrx_word' id='word_1_135' title='bbox 931 295 1026 327; x_wconf 74' lang='lat' dir='ltr'>Venit</span> <span class='ocrx_word' id='word_1_136' title='bbox 1050 304 1152 328; x_wconf 85' lang='lat' dir='ltr'>comes</span> <span class='ocrx_word' id='word_1_137' title='bbox 1177 297 1219 327; x_wconf 81' lang='lat' dir='ltr'>ad</span> <span class='ocrx_word' id='word_1_138' title='bbox 1243 296 1407 337; x_wconf 48' lang='lat' dir='ltr'>virginem:</span> 
     </span>
     <span class='ocr_line' id='line_1_46' title="bbox 977 342 1375 382; baseline 0 -9"><span class='ocrx_word' id='word_1_139' title='bbox 977 342 1056 374; x_wconf 84' lang='lat' dir='ltr'>Eam</span> <span class='ocrx_word' id='word_1_140' title='bbox 1081 343 1150 374; x_wconf 82' lang='lat' dir='ltr'>vult</span> <span class='ocrx_word' id='word_1_141' title='bbox 1174 343 1375 382; x_wconf 82' lang='lat' dir='ltr'>desponsare,</span> 
     </span>
     <span class='ocr_line' id='line_1_47' title="bbox 933 388 1448 428; baseline 0 -9"><span class='ocrx_word' id='word_1_142' title='bbox 933 388 995 420; x_wconf 85' lang='lat' dir='ltr'>Sed</span> <span class='ocrx_word' id='word_1_143' title='bbox 1019 393 1093 428; x_wconf 85' lang='lat' dir='ltr'>post</span> <span class='ocrx_word' id='word_1_144' title='bbox 1116 391 1249 419; x_wconf 77' lang='lat' dir='ltr'>matrem</span> <span class='ocrx_word' id='word_1_145' title='bbox 1274 389 1448 420; x_wconf 84' lang='lat' dir='ltr'>mirabilem</span> 
     </span>
     <span class='ocr_line' id='line_1_48' title="bbox 979 435 1383 467; baseline -0.002 -1"><span class='ocrx_word' id='word_1_146' title='bbox 979 435 1093 467; x_wconf 83' lang='lat' dir='ltr'>Volens</span> <span class='ocrx_word' id='word_1_147' title='bbox 1119 435 1197 466; x_wconf 86' lang='lat' dir='ltr'>haec</span> <span class='ocrx_word' id='word_1_148' title='bbox 1221 435 1383 466; x_wconf 83' lang='lat' dir='ltr'>ambulare</span> 
     </span>
     <span class='ocr_line' id='line_1_49' title="bbox 928 481 1318 520; baseline -0.003 -7"><span class='ocrx_word' id='word_1_149' title='bbox 928 482 1037 520; x_wconf 85' lang='lat' dir='ltr'>Ipsum</span> <span class='ocrx_word' id='word_1_150' title='bbox 1061 481 1144 513; x_wconf 86' lang='lat' dir='ltr'>fallit</span> <span class='ocrx_word' id='word_1_151' title='bbox 1168 482 1318 513; x_wconf 87' lang='lat' dir='ltr'>odibilem</span> 
     </span>
     <span class='ocr_line' id='line_1_50' title="bbox 977 528 1319 568; baseline 0.003 -8"><span class='ocrx_word' id='word_1_152' title='bbox 977 528 1021 560; x_wconf 87' lang='lat' dir='ltr'>Et</span> <span class='ocrx_word' id='word_1_153' title='bbox 1045 528 1136 568; x_wconf 85' lang='lat' dir='ltr'>ponit</span> <span class='ocrx_word' id='word_1_154' title='bbox 1159 537 1194 559; x_wconf 88' lang='lat' dir='ltr'>se</span> <span class='ocrx_word' id='word_1_155' title='bbox 1218 536 1319 561; x_wconf 88' lang='lat' dir='ltr'>orarc.</span> 
     </span>
    </p>
   </div>
   <div class='ocr_carea' id='block_1_15' title="bbox 859 574 1278 607">
    <p class='ocr_par' dir='ltr' id='par_1_19' title="bbox 859 574 1278 607">
     <span class='ocr_line' id='line_1_51' title="bbox 859 574 1278 607; baseline -0.002 0"><span class='ocrx_word' id='word_1_156' title='bbox 859 575 900 607; x_wconf 83' lang='lat' dir='ltr'>V.</span> <span class='ocrx_word' id='word_1_157' title='bbox 932 576 1064 607; x_wconf 89' lang='lat' dir='ltr'>Interim</span> <span class='ocrx_word' id='word_1_158' title='bbox 1088 574 1278 607; x_wconf 85' lang='lat' dir='ltr'>ineffabilem</span> 
     </span>
    </p>
   </div>
   <div class='ocr_carea' id='block_1_16' title="bbox 930 622 1358 701">
    <p class='ocr_par' dir='ltr' id='par_1_20' title="bbox 930 622 1358 701">
     <span class='ocr_line' id='line_1_52' title="bbox 930 622 1337 661; baseline -0.002 -8"><span class='ocrx_word' id='word_1_159' title='bbox 930 622 1030 653; x_wconf 86' lang='lat' dir='ltr'>Deum</span> <span class='ocrx_word' id='word_1_160' title='bbox 1056 625 1149 661; x_wconf 88' lang='lat' dir='ltr'>atque</span> <span class='ocrx_word' id='word_1_161' title='bbox 1171 622 1337 653; x_wconf 79' lang='lat' dir='ltr'>amabilem</span> 
     </span>
     <span class='ocr_line' id='line_1_53' title="bbox 977 669 1358 701; baseline 0.003 -1"><span class='ocrx_word' id='word_1_162' title='bbox 977 669 1089 701; x_wconf 83' lang='lat' dir='ltr'>Studet</span> <span class='ocrx_word' id='word_1_163' title='bbox 1112 669 1153 700; x_wconf 89' lang='lat' dir='ltr'>ad</span> <span class='ocrx_word' id='word_1_164' title='bbox 1178 677 1213 700; x_wconf 86' lang='lat' dir='ltr'>se</span> <span class='ocrx_word' id='word_1_165' title='bbox 1236 677 1358 701; x_wconf 84' lang='lat' dir='ltr'>vocare.</span> 
     </span>
    </p>
   </div>
   <div class='ocr_carea' id='block_1_17' title="bbox 874 734 1377 1004">
    <p class='ocr_par' dir='ltr' id='par_1_21' title="bbox 874 734 1377 1004">
     <span class='ocr_line' id='line_1_54' title="bbox 874 734 1306 774; baseline 0 -9"><span class='ocrx_word' id='word_1_166' title='bbox 874 736 903 766; x_wconf 82' lang='lat'>2.</span> <span class='ocrx_word' id='word_1_167' title='bbox 930 735 1091 774; x_wconf 85' lang='lat' dir='ltr'>Adjuvata</span> <span class='ocrx_word' id='word_1_168' title='bbox 1120 743 1138 765; x_wconf 86' lang='lat' dir='ltr'>a</span> <span class='ocrx_word' id='word_1_169' title='bbox 1161 734 1306 773; x_wconf 88' lang='lat' dir='ltr'>Domino,</span> 
     </span>
     <span class='ocr_line' id='line_1_55' title="bbox 974 781 1344 822; baseline -0.003 -9"><span class='ocrx_word' id='word_1_170' title='bbox 974 782 1004 813; x_wconf 93' lang='lat' dir='ltr'>A</span> <span class='ocrx_word' id='word_1_171' title='bbox 1030 791 1089 821; x_wconf 89' lang='lat' dir='ltr'>quo</span> <span class='ocrx_word' id='word_1_172' title='bbox 1114 781 1186 821; x_wconf 82' lang='lat' dir='ltr'>ipsa</span> <span class='ocrx_word' id='word_1_173' title='bbox 1210 784 1344 822; x_wconf 84' lang='lat' dir='ltr'>amatur,</span> 
     </span>
     <span class='ocr_line' id='line_1_56' title="bbox 928 827 1286 868; baseline -0.003 -9"><span class='ocrx_word' id='word_1_174' title='bbox 928 830 958 859; x_wconf 90' lang='lat' dir='ltr'><strong>A</strong></span> <span class='ocrx_word' id='word_1_175' title='bbox 982 828 1074 860; x_wconf 85' lang='lat' dir='ltr'>beato</span> <span class='ocrx_word' id='word_1_176' title='bbox 1099 827 1286 868; x_wconf 82' lang='lat' dir='ltr'>presbytero</span> 
     </span>
     <span class='ocr_line' id='line_1_57' title="bbox 975 874 1369 914; baseline -0.003 -8"><span class='ocrx_word' id='word_1_177' title='bbox 975 875 1089 907; x_wconf 87' lang='lat' dir='ltr'>Sancto</span> <span class='ocrx_word' id='word_1_178' title='bbox 1115 874 1369 914; x_wconf 81' lang='lat' dir='ltr'>communicatur,</span> 
     </span>
     <span class='ocr_line' id='line_1_58' title="bbox 928 921 1284 961; baseline 0 -9"><span class='ocrx_word' id='word_1_179' title='bbox 928 922 1118 961; x_wconf 82' lang='lat' dir='ltr'>Angelorum</span> <span class='ocrx_word' id='word_1_180' title='bbox 1143 921 1284 952; x_wconf 90' lang='lat' dir='ltr'>subsidio</span> 
     </span>
     <span class='ocr_line' id='line_1_59' title="bbox 973 968 1377 1004; baseline -0.005 -4"><span class='ocrx_word' id='word_1_181' title='bbox 973 969 1012 1000; x_wconf 85' lang='lat' dir='ltr'>In</span> <span class='ocrx_word' id='word_1_182' title='bbox 1038 968 1156 999; x_wconf 84' lang='lat' dir='ltr'>caelum</span> <span class='ocrx_word' id='word_1_183' title='bbox 1186 968 1377 1004; x_wconf 85' lang='lat' dir='ltr'>sublevatur,</span> 
     </span>
    </p>
   </div>
   <div class='ocr_carea' id='block_1_18' title="bbox 859 1014 1340 1054">
    <p class='ocr_par' dir='ltr' id='par_1_22' title="bbox 859 1014 1340 1054">
     <span class='ocr_line' id='line_1_60' title="bbox 859 1014 1340 1054; baseline -0.002 -8"><span class='ocrx_word' id='word_1_184' title='bbox 859 1015 895 1047; x_wconf 91' lang='lat' dir='ltr'>V.</span> <span class='ocrx_word' id='word_1_185' title='bbox 927 1015 990 1047; x_wconf 93' lang='lat' dir='ltr'>Ubi</span> <span class='ocrx_word' id='word_1_186' title='bbox 1013 1015 1113 1047; x_wconf 83' lang='lat' dir='ltr'>intrat</span> <span class='ocrx_word' id='word_1_187' title='bbox 1134 1023 1201 1045; x_wconf 91' lang='lat' dir='ltr'>cum</span> <span class='ocrx_word' id='word_1_188' title='bbox 1227 1014 1340 1054; x_wconf 82' lang='lat' dir='ltr'>gaudio</span> 
     </span>
    </p>
   </div>
   <div class='ocr_carea' id='block_1_19' title="bbox 928 1061 1363 1148">
    <p class='ocr_par' dir='ltr' id='par_1_23' title="bbox 928 1061 1363 1148">
     <span class='ocr_line' id='line_1_61' title="bbox 928 1061 1319 1100; baseline -0.003 -7"><span class='ocrx_word' id='word_1_189' title='bbox 928 1062 972 1093; x_wconf 84' lang='lat' dir='ltr'>Et</span> <span class='ocrx_word' id='word_1_190' title='bbox 992 1063 1081 1093; x_wconf 90' lang='lat' dir='ltr'>sedet</span> <span class='ocrx_word' id='word_1_191' title='bbox 1105 1061 1137 1092; x_wconf 92' lang='lat' dir='ltr'>in</span> <span class='ocrx_word' id='word_1_192' title='bbox 1162 1061 1319 1100; x_wconf 85' lang='lat' dir='ltr'>principio</span> 
     </span>
     <span class='ocr_line' id='line_1_62' title="bbox 973 1108 1363 1148; baseline 0.005 -10"><span class='ocrx_word' id='word_1_193' title='bbox 973 1109 1137 1148; x_wconf 85' lang='lat' dir='ltr'>Virginum</span> <span class='ocrx_word' id='word_1_194' title='bbox 1163 1110 1195 1138; x_wconf 83' lang='lat' dir='ltr'>et</span> <span class='ocrx_word' id='word_1_195' title='bbox 1217 1108 1363 1140; x_wconf 85' lang='lat' dir='ltr'>laetatur.</span> 
     </span>
    </p>
   </div>
   <div class='ocr_carea' id='block_1_20' title="bbox 871 1173 1352 1446">
    <p class='ocr_par' dir='ltr' id='par_1_24' title="bbox 871 1173 1333 1252">
     <span class='ocr_line' id='line_1_63' title="bbox 871 1173 1333 1205; baseline -0.004 0"><span class='ocrx_word' id='word_1_196' title='bbox 871 1174 901 1205; x_wconf 83' lang='lat'>3.</span> <span class='ocrx_word' id='word_1_197' title='bbox 928 1173 1078 1205; x_wconf 82' lang='lat' dir='ltr'>Laetatur</span> <span class='ocrx_word' id='word_1_198' title='bbox 1103 1173 1182 1204; x_wconf 83' lang='lat' dir='ltr'>caeli</span> <span class='ocrx_word' id='word_1_199' title='bbox 1209 1173 1333 1204; x_wconf 86' lang='lat' dir='ltr'>domina</span> 
     </span>
     <span class='ocr_line' id='line_1_64' title="bbox 974 1219 1292 1252; baseline -0.003 -1"><span class='ocrx_word' id='word_1_200' title='bbox 974 1219 1095 1252; x_wconf 84' lang='lat' dir='ltr'>Effecta</span> <span class='ocrx_word' id='word_1_201' title='bbox 1118 1220 1292 1251; x_wconf 85' lang='lat' dir='ltr'>Petronilla</span> 
     </span>
    </p>

    <p class='ocr_par' dir='ltr' id='par_1_25' title="bbox 920 1265 1352 1398">
     <span class='ocr_line' id='line_1_65' title="bbox 920 1265 1352 1308; baseline -0.002 -10"><span class='ocrx_word' id='word_1_202' title='bbox 920 1266 966 1298; x_wconf 65' lang='lat' dir='ltr'>Er.</span> <span class='ocrx_word' id='word_1_203' title='bbox 990 1271 1037 1299; x_wconf 80' lang='lat' dir='ltr'>est</span> <span class='ocrx_word' id='word_1_204' title='bbox 1060 1265 1163 1306; x_wconf 83' lang='lat' dir='ltr'>prima</span> <span class='ocrx_word' id='word_1_205' title='bbox 1185 1267 1219 1297; x_wconf 94' lang='lat' dir='ltr'>in</span> <span class='ocrx_word' id='word_1_206' title='bbox 1243 1266 1352 1308; x_wconf 83' lang='lat' dir='ltr'>gloria,</span> 
     </span>
     <span class='ocr_line' id='line_1_66' title="bbox 973 1312 1302 1352; baseline -0.006 -7"><span class='ocrx_word' id='word_1_207' title='bbox 973 1313 1048 1345; x_wconf 85' lang='lat' dir='ltr'>Post</span> <span class='ocrx_word' id='word_1_208' title='bbox 1071 1312 1214 1345; x_wconf 85' lang='lat' dir='ltr'>Felicula</span> <span class='ocrx_word' id='word_1_209' title='bbox 1235 1313 1302 1352; x_wconf 89' lang='lat' dir='ltr'>illa,</span> 
     </span>
     <span class='ocr_line' id='line_1_67' title="bbox 927 1359 1297 1398; baseline 0 -8"><span class='ocrx_word' id='word_1_210' title='bbox 927 1361 1013 1398; x_wconf 59' lang='lat' dir='ltr'>Quae</span> <span class='ocrx_word' id='word_1_211' title='bbox 1036 1359 1096 1391; x_wconf 88' lang='lat' dir='ltr'>fuit</span> <span class='ocrx_word' id='word_1_212' title='bbox 1122 1360 1188 1398; x_wconf 82' lang='lat' dir='ltr'>ejus</span> <span class='ocrx_word' id='word_1_213' title='bbox 1211 1360 1297 1390; x_wconf 88' lang='lat' dir='ltr'>socia</span> 
     </span>
    </p>

    <p class='ocr_par' dir='ltr' id='par_1_26' title="bbox 973 1406 1348 1446">
     <span class='ocr_line' id='line_1_68' title="bbox 973 1406 1348 1446; baseline 0.003 -9"><span class='ocrx_word' id='word_1_214' title='bbox 973 1406 1009 1437; x_wconf 86' lang='lat' dir='ltr'>In</span> <span class='ocrx_word' id='word_1_215' title='bbox 1031 1406 1232 1438; x_wconf 85' lang='lat' dir='ltr'>lacrimarum</span> <span class='ocrx_word' id='word_1_216' title='bbox 1255 1406 1348 1446; x_wconf 87' lang='lat' dir='ltr'>villa;</span> 
     </span>
    </p>
   </div>
   <div class='ocr_carea' id='block_1_21' title="bbox 856 1452 1345 1492">
    <p class='ocr_par' dir='ltr' id='par_1_27' title="bbox 856 1452 1345 1492">
     <span class='ocr_line' id='line_1_69' title="bbox 856 1452 1345 1492; baseline 0 -8"><span class='ocrx_word' id='word_1_217' title='bbox 856 1453 894 1484; x_wconf 89' lang='lat' dir='ltr'>V.</span> <span class='ocrx_word' id='word_1_218' title='bbox 923 1452 1015 1484; x_wconf 84' lang='lat' dir='ltr'>Nunc</span> <span class='ocrx_word' id='word_1_219' title='bbox 1038 1454 1070 1485; x_wconf 89' lang='lat' dir='ltr'>in</span> <span class='ocrx_word' id='word_1_220' title='bbox 1093 1455 1221 1484; x_wconf 87' lang='lat' dir='ltr'>aeterna</span> <span class='ocrx_word' id='word_1_221' title='bbox 1245 1453 1345 1492; x_wconf 84' lang='lat' dir='ltr'>gloria</span> 
     </span>
    </p>
   </div>
   <div class='ocr_carea' id='block_1_22' title="bbox 925 1500 1366 1581">
    <p class='ocr_par' dir='ltr' id='par_1_28' title="bbox 925 1500 1366 1581">
     <span class='ocr_line' id='line_1_70' title="bbox 925 1500 1263 1540; baseline -0.003 -9"><span class='ocrx_word' id='word_1_222' title='bbox 925 1500 1117 1540; x_wconf 87' lang='lat' dir='ltr'>Angelorum</span> <span class='ocrx_word' id='word_1_223' title='bbox 1141 1500 1263 1530; x_wconf 85' lang='lat' dir='ltr'>laetitia</span> 
     </span>
     <span class='ocr_line' id='line_1_71' title="bbox 971 1546 1366 1581; baseline 0 -3"><span class='ocrx_word' id='word_1_224' title='bbox 971 1547 1119 1578; x_wconf 86' lang='lat' dir='ltr'>Exsultat</span> <span class='ocrx_word' id='word_1_225' title='bbox 1144 1546 1221 1577; x_wconf 92' lang='lat' dir='ltr'>haec</span> <span class='ocrx_word' id='word_1_226' title='bbox 1246 1549 1277 1576; x_wconf 81' lang='lat' dir='ltr'>et.</span> <span class='ocrx_word' id='word_1_227' title='bbox 1300 1546 1366 1581; x_wconf 86' lang='lat' dir='ltr'>illa.</span> 
     </span>
    </p>
   </div>
   <div class='ocr_carea' id='block_1_23' title="bbox 983 1686 1341 1721">
    <p class='ocr_par' dir='ltr' id='par_1_29' title="bbox 983 1686 1341 1721">
     <span class='ocr_line' id='line_1_72' title="bbox 983 1686 1341 1721; baseline 0.008 -4"><span class='ocrx_word' id='word_1_228' title='bbox 983 1686 1028 1718; x_wconf 92' lang='lat' dir='ltr'>In</span> <span class='ocrx_word' id='word_1_229' title='bbox 1054 1689 1085 1720; x_wconf 83' lang='lat'>3.</span> <span class='ocrx_word' id='word_1_230' title='bbox 1110 1686 1341 1721; x_wconf 74' lang='lat' dir='ltr'>Nocturno.</span> 
     </span>
    </p>
   </div>
   <div class='ocr_carea' id='block_1_24' title="bbox 1066 1760 1259 1796">
    <p class='ocr_par' dir='ltr' id='par_1_30' title="bbox 1066 1760 1259 1796">
     <span class='ocr_line' id='line_1_73' title="bbox 1066 1760 1259 1796; baseline 0 -8"><span class='ocrx_word' id='word_1_231' title='bbox 1066 1760 1259 1796; x_wconf 78' lang='lat' dir='ltr'>Antiphonae.</span> 
     </span>
    </p>
   </div>
   <div class='ocr_carea' id='block_1_25' title="bbox 869 1816 1376 1997">
    <p class='ocr_par' dir='ltr' id='par_1_31' title="bbox 869 1816 1376 1997">
     <span class='ocr_line' id='line_1_74' title="bbox 869 1816 1375 1851; baseline 0.006 -3"><span class='ocrx_word' id='word_1_232' title='bbox 869 1816 898 1848; x_wconf 91' lang='lat'>1.</span> <span class='ocrx_word' id='word_1_233' title='bbox 926 1816 1039 1849; x_wconf 81' lang='lat' dir='ltr'>Cantat</span> <span class='ocrx_word' id='word_1_234' title='bbox 1062 1818 1196 1850; x_wconf 89' lang='lat' dir='ltr'>Domino</span> <span class='ocrx_word' id='word_1_235' title='bbox 1221 1819 1375 1851; x_wconf 85' lang='lat' dir='ltr'>canticum</span> 
     </span>
     <span class='ocr_line' id='line_1_75' title="bbox 971 1865 1272 1907; baseline 0.01 -12"><span class='ocrx_word' id='word_1_236' title='bbox 971 1865 1145 1897; x_wconf 86' lang='lat' dir='ltr'>Petronilla</span> <span class='ocrx_word' id='word_1_237' title='bbox 1169 1865 1272 1907; x_wconf 81' lang='lat' dir='ltr'>beata,</span> 
     </span>
     <span class='ocr_line' id='line_1_76' title="bbox 924 1910 1376 1954; baseline 0.009 -12"><span class='ocrx_word' id='word_1_238' title='bbox 924 1910 1017 1950; x_wconf 83' lang='lat' dir='ltr'>Cujus</span> <span class='ocrx_word' id='word_1_239' title='bbox 1042 1920 1154 1943; x_wconf 86' lang='lat' dir='ltr'>nomen</span> <span class='ocrx_word' id='word_1_240' title='bbox 1178 1913 1376 1954; x_wconf 84' lang='lat' dir='ltr'>magnificum</span> 
     </span>
     <span class='ocr_line' id='line_1_77' title="bbox 969 1959 1297 1997; baseline 0.012 -8"><span class='ocrx_word' id='word_1_241' title='bbox 969 1959 1044 1997; x_wconf 88' lang='lat' dir='ltr'>Ipsa</span> <span class='ocrx_word' id='word_1_242' title='bbox 1068 1961 1115 1990; x_wconf 90' lang='lat' dir='ltr'>est</span> <span class='ocrx_word' id='word_1_243' title='bbox 1139 1964 1297 1994; x_wconf 82' lang='lat' dir='ltr'>venerat-a.</span> 
     </span>
    </p>
   </div>
   <div class='ocr_carea' id='block_1_26' title="bbox 866 2022 1315 2059">
    <p class='ocr_par' dir='ltr' id='par_1_32' title="bbox 866 2022 1315 2059">
     <span class='ocr_line' id='line_1_78' title="bbox 866 2022 1315 2059; baseline 0.013 -6"><span class='ocrx_word' id='word_1_244' title='bbox 866 2023 897 2054; x_wconf 85' lang='lat'>2.</span> <span class='ocrx_word' id='word_1_245' title='bbox 923 2022 1099 2056; x_wconf 87' lang='lat' dir='ltr'>Laetamini</span> <span class='ocrx_word' id='word_1_246' title='bbox 1123 2025 1156 2056; x_wconf 90' lang='lat' dir='ltr'>in</span> <span class='ocrx_word' id='word_1_247' title='bbox 1181 2026 1315 2059; x_wconf 87' lang='lat' dir='ltr'>Domino</span> 
     </span>
    </p>
   </div>
   <div class='ocr_carea' id='block_1_27' title="bbox 921 2070 1388 2204">
    <p class='ocr_par' dir='ltr' id='par_1_33' title="bbox 921 2070 1388 2204">
     <span class='ocr_line' id='line_1_79' title="bbox 969 2070 1388 2115; baseline 0.012 -13"><span class='ocrx_word' id='word_1_248' title='bbox 969 2070 1045 2102; x_wconf 88' lang='lat' dir='ltr'>Cum</span> <span class='ocrx_word' id='word_1_249' title='bbox 1069 2074 1179 2103; x_wconf 80' lang='lat' dir='ltr'>sancta</span> <span class='ocrx_word' id='word_1_250' title='bbox 1204 2074 1388 2115; x_wconf 86' lang='lat' dir='ltr'>Petronilla‚</span> 
     </span>
     <span class='ocr_line' id='line_1_80' title="bbox 921 2117 1326 2159; baseline 0.015 -13"><span class='ocrx_word' id='word_1_251' title='bbox 921 2117 979 2154; x_wconf 67' lang='lat' dir='ltr'>Qui</span> <span class='ocrx_word' id='word_1_252' title='bbox 1004 2118 1078 2149; x_wconf 84' lang='lat' dir='ltr'>estis</span> <span class='ocrx_word' id='word_1_253' title='bbox 1101 2119 1188 2157; x_wconf 87' lang='lat' dir='ltr'>pleni</span> <span class='ocrx_word' id='word_1_254' title='bbox 1212 2121 1326 2159; x_wconf 80' lang='lat' dir='ltr'>gaudio</span> 
     </span>
     <span class='ocr_line' id='line_1_81' title="bbox 966 2164 1335 2204; baseline 0.016 -10"><span class='ocrx_word' id='word_1_255' title='bbox 966 2164 1003 2195; x_wconf 91' lang='lat' dir='ltr'>In</span> <span class='ocrx_word' id='word_1_256' title='bbox 1029 2165 1136 2204; x_wconf 88' lang='lat' dir='ltr'>requie</span> <span class='ocrx_word' id='word_1_257' title='bbox 1161 2175 1244 2197; x_wconf 85' lang='lat' dir='ltr'>nunc</span> <span class='ocrx_word' id='word_1_258' title='bbox 1267 2168 1335 2201; x_wconf 83' lang='lat' dir='ltr'>illa.</span> 
     </span>
    </p>
   </div>
   <div class='ocr_carea' id='block_1_28' title="bbox 863 2228 1236 2263">
    <p class='ocr_par' dir='ltr' id='par_1_34' title="bbox 863 2228 1236 2263">
     <span class='ocr_line' id='line_1_82' title="bbox 863 2228 1236 2263; baseline 0.008 -3"><span class='ocrx_word' id='word_1_259' title='bbox 863 2229 894 2261; x_wconf 83' lang='lat'>3.</span> <span class='ocrx_word' id='word_1_260' title='bbox 922 2228 1053 2261; x_wconf 79' lang='lat' dir='ltr'>Cantate</span> <span class='ocrx_word' id='word_1_261' title='bbox 1078 2230 1236 2263; x_wconf 84' lang='lat' dir='ltr'>mirabilia</span> 
     </span>
    </p>
   </div>
   <div class='ocr_carea' id='block_1_29' title="bbox 918 2276 1420 2413">
    <p class='ocr_par' dir='ltr' id='par_1_35' title="bbox 918 2276 1420 2413">
     <span class='ocr_line' id='line_1_83' title="bbox 966 2276 1394 2323; baseline 0.014 -15"><span class='ocrx_word' id='word_1_262' title='bbox 966 2276 1066 2315; x_wconf 83' lang='lat' dir='ltr'>Nova,</span> <span class='ocrx_word' id='word_1_263' title='bbox 1093 2286 1173 2316; x_wconf 88' lang='lat' dir='ltr'>quae</span> <span class='ocrx_word' id='word_1_264' title='bbox 1196 2278 1282 2311; x_wconf 88' lang='lat' dir='ltr'>Deus</span> <span class='ocrx_word' id='word_1_265' title='bbox 1309 2281 1394 2323; x_wconf 84' lang='lat' dir='ltr'>fecit,</span> 
     </span>
     <span class='ocr_line' id='line_1_84' title="bbox 918 2323 1268 2364; baseline 0.006 -8"><span class='ocrx_word' id='word_1_266' title='bbox 918 2323 994 2356; x_wconf 83' lang='lat' dir='ltr'>Una</span> <span class='ocrx_word' id='word_1_267' title='bbox 1014 2324 1122 2363; x_wconf 86' lang='lat' dir='ltr'>puella</span> <span class='ocrx_word' id='word_1_268' title='bbox 1145 2327 1268 2364; x_wconf 88' lang='lat' dir='ltr'>proelia</span> 
     </span>
     <span class='ocr_line' id='line_1_85' title="bbox 964 2370 1420 2413; baseline 0.024 -12"><span class='ocrx_word' id='word_1_269' title='bbox 964 2370 1100 2403; x_wconf 85' lang='lat' dir='ltr'>Vincens</span> <span class='ocrx_word' id='word_1_270' title='bbox 1124 2371 1157 2403; x_wconf 89' lang='lat' dir='ltr'>in</span> <span class='ocrx_word' id='word_1_271' title='bbox 1181 2373 1301 2408; x_wconf 85' lang='lat' dir='ltr'>throno</span> <span class='ocrx_word' id='word_1_272' title='bbox 1327 2378 1420 2413; x_wconf 87' lang='lat' dir='ltr'>sedit.</span> 
     </span>
    </p>
   </div>
  </div>
 </body>
</html>
