1652 2615
754 131 1008 166 —251—

294 220 349 251 Ad
375 221 460 260 quod
484 223 602 255 mundo
627 226 694 258 toto
721 227 816 259 corde

299 267 376 299 Sine
399 267 483 310 labe,
509 270 578 301 sine
600 272 695 304 sorde

340 314 394 346 Ut
409 323 441 346 m
454 324 524 348 ens
542 323 744 359 resurgat
761 323 848 352 tor-

619 365 694 404 pid
707 376 735 399 a.

434 438 644 474 Responsoria.

263 516 269 522 .
297 491 368 535 Eia,
396 502 528 538 gemma,
551 496 647 535 jubar
672 498 801 535 clarum,

341 541 377 572 In
404 541 497 581 hnjus
522 543 633 575 mundi
660 543 751 576 devio

295 587 345 619 Sis
369 591 551 621 nostrarum
577 591 641 622 dux
665 592 788 622 viarum

342 635 385 667 Et
409 636 443 666 in
466 638 565 668 maris
588 636 755 678 naufragio

292 681 409 714 Portus
438 683 551 715 salutis
576 683 751 725 naufragis,

342 729 391 760 Ne
416 733 600 768 prosternat
624 739 681 763 nos
705 732 848 771 procella

293 775 430 808 Summis
455 778 580 810 alterna
602 778 734 820 pelagis,

340 824 439 855 Placa
462 833 561 865 mare,
587 825 684 857 maris
710 827 822 867 stella;

253 894 260 901 .
291 870 527 911 Naufragantes
550 873 584 904 in
609 873 671 904 hoc
694 874 812 906 mundo

340 919 385 950 Te
410 919 630 960 deprecamur,
656 920 760 961 hagie,

294 964 361 997 Nos
387 967 502 999 educas
530 968 570 999 de
593 966 764 1007 profundo,

338 1014 362 1046 O
389 1014 478 1054 virgo
502 1015 600 1054 plena
623 1015 737 1053 gratia.

256 1105 263 1112 .
290 1079 344 1111 Ad
370 1080 458 1119 cujus
480 1080 660 1120 patrocinia

337 1127 485 1159 Pulsatae
509 1128 571 1167 piis
596 1128 744 1167 precibus

291 1173 436 1214 Nequam
463 1175 580 1206 cedunt
603 1174 778 1215 daemonia,

337 1221 466 1253 Vexatis
493 1231 512 1254 a
534 1221 700 1261 spiritibus

289 1268 466 1301 Immundis
492 1269 631 1300 reddens
657 1269 773 1308 gaudia

335 1316 379 1348 Et
403 1314 533 1348 afflictis
556 1316 753 1356 parentibuS,

288 1362 338 1394 De
362 1363 445 1395 natis
472 1363 551 1396 dans
576 1363 691 1394 solatia

338 1410 535 1449 Suppliciter
559 1409 733 1443 orantibus.

254 1484 260 1489 .
290 1456 382 1489 Haec
406 1457 448 1489 ad
472 1461 639 1497 parentum
665 1457 813 1498 gemitum

338 1504 455 1536 Salutis
480 1513 572 1544 opem
596 1505 736 1547 contulit,

287 1551 387 1584 Exire
409 1560 545 1592 namque
568 1551 713 1591 spiritum

337 1600 485 1639 Ipsorum
507 1599 592 1631 natis
619 1599 781 1638 compulit.

255 1692 261 1699 .
290 1665 361 1698 Non
387 1665 586 1698 exsolventes
612 1664 754 1697 debitum

338 1713 733 1747 Maternum„..„

339 1809 422 1847 Quos
447 1810 549 1839 mater
572 1806 792 1847 maledixerat,

287 1857 371 1896 Quos
398 1854 509 1887 ductos
532 1854 728 1894 poenitentia

337 1903 435 1936 Sanat
458 1903 548 1942 virgo
572 1902 726 1933 miraculo

289 1951 397 1984 Solum
420 1950 490 1982 sola.
514 1949 681 1981 clementia

333 1997 449 2031 Morbo
476 2000 584 2029 curato
608 1997 738 2030 tumulo.

233 2046 252 2079 ⁷.
284 2047 344 2087 Qui
367 2047 550 2085 repetentes
574 2046 706 2085 propria

334 2094 428 2128 Claro
455 2092 645 2133 depromunt
670 2092 810 2125 carmine

288 2171 294 2180 ⁴
324 2171 383 2222 ‘D'e
399 2168 550 2222 'Pathieia
573 2168 727 2228 'virginit'
754 2168 763 2177 ⁴
790 2168 796 2174 “

251 2281 257 2287 .
284 2255 368 2291 Dum
393 2255 505 2295 psallit
529 2254 642 2286 chorus
669 2253 835 2293 canticum,

333 2303 460 2336 Clarum
485 2302 596 2334 effudit
620 2301 733 2344 oleum,

285 2351 385 2391 Quod,
413 2352 462 2382 est
487 2350 574 2382 (lictu
597 2348 777 2388 mirificum,

333 2398 454 2430 Durum
479 2406 590 2432 saxum
614 2404 824 2429 marmoreum

977 227 1099 259 Eduxit
1123 227 1227 258 instar
1250 227 1354 267 rivuli,

1025 273 1102 306 Cum
1128 274 1230 305 clarus
1255 275 1359 314 liquor
1382 273 1526 307 funditur

977 320 1074 353 Secus
1098 323 1289 354 structuram
1313 321 1437 361 tumuli,

1024 367 1101 400 Cum
1125 376 1215 400 sacer
1230 368 1363 410 hymnus
1381 370 1521 411 canitur3

939 440 945 447 .
980 415 1101 448 Chorus
1125 418 1304 448 sanctarum
1328 416 1484 455 virginum

1026 462 1129 494 Melos
1156 462 1304 495 decantat
1327 463 1472 499 dulciter,

979 507 1169 541 Collaudans
1184 510 1343 542 Christum
1355 509 1521 542 Dominum

1024 556 1062 587 In
1086 556 1226 588 Patricia
1246 557 1373 597 jugiter.

1034 696 1080 727 In
1108 698 1138 730 3.
1165 696 1393 729 Nocturno.

1116 769 1162 796 Ad
1182 768 1311 797 Cantica.

942 853 948 859 .
976 825 1071 858 Sidus
1097 827 1219 858 clarens
1242 828 1391 867 Patricia,

973 872 1040 904 Nos
1065 874 1204 905 illustres
1228 874 1262 906 in
1286 875 1346 906 hac
1369 876 1422 907 via

1019 920 1064 952 Et
1089 921 1130 952 da
1154 921 1261 962 quieta
1284 924 1428 962 tempora

972 967 1135 1008 Terraque
1158 969 1254 1007 plena
1280 969 1409 1001 crimine

975 1013 1093 1046 Orbata
1118 1018 1226 1046 sancto
1250 1016 1369 1047 lumine

1020 1061 1227 1093 Illumina
1273 1072 1380 1095 nunc
1423 1073 1519 1105 peo-

1295 1112 1310 1140 t
1318 1119 1335 1141 o
1346 1119 1363 1141 r
1372 1120 1400 1144 a.

939 1187 945 1194 .
972 1164 1057 1204 Ergo
1082 1165 1194 1196 laudes
1215 1165 1282 1203 jam
1308 1174 1488 1205 promamus

970 1210 1015 1242 Et
1038 1214 1218 1251 promentes
1243 1221 1299 1244 nos
1326 1212 1465 1245 dicamus

1016 1256 1160 1290 Laudum
1187 1258 1305 1290 Christi
1329 1262 1503 1300 magnalia:

969 1304 1019 1336 De
1044 1305 1183 1338 Patricia
1206 1305 1328 1346 virgine

971 1352 1086 1385 Cordis
1111 1355 1143 1384 et
1166 1352 1230 1384 oris
1258 1353 1397 1384 carmine

1018 1398 1084 1431 Sit
1106 1399 1307 1432 trinitati
1332 1401 1485 1440 gloria.

938 1481 944 1487 .
971 1455 1020 1487 Tu
1046 1457 1205 1488 certantes
1228 1459 1265 1488 ut
1289 1456 1408 1488 athleta

968 1502 1056 1535 Caeli
1080 1503 1177 1535 ducas
1204 1503 1268 1536 dux
1293 1504 1334 1535 ad
1358 1504 1443 1536 laeta

1017 1549 1086 1582 Nos
1112 1550 1258 1583 ducendo
1284 1551 1436 1591 securius,

970 1596 1021 1629 Ne
1044 1598 1217 1637 perdamur
1240 1599 1274 1629 in
1297 1597 1458 1638 profundo

970 1644 1128 1676 Vitiorum
1151 1645 1185 1675 in
1209 1645 1270 1677 hoc
1293 1645 1420 1685 mundo,

1016 1690 1187 1724 Hostem
1211 1693 1403 1732 repellas
1428 1694 1520 1727 lon-

1296 1749 1400 1780 g1us.

1105 1814 1311 1849 Responsoria.

937 1898 944 1905 .
970 1871 1062 1903 Muto
1086 1872 1183 1903 surdo
1204 1871 1374 1910 juvenculo

1015 1919 1115 1959 Virgo
1140 1919 1197 1959 pia
1221 1919 1398 1959 comparuit

972 1966 1134 1999 Medelam
1157 1965 1264 1999 ferens
1289 1967 1409 2007 sedulo,

1017 2013 1217 2056 Supplicanti
1244 2023 1336 2054 quam
1361 2016 1508 2054 praebuit

966 2062 1069 2095 Glaris
1093 2061 1218 2102 fulgens
1239 2062 1421 2098 monilibus,

1013 2110 1061 2142 Ut
1082 2110 1115 2141 in
1140 2109 1265 2149 pictura
1290 2109 1425 2150 viderat,

964 2155 1018 2188 Sic
1039 2158 1188 2189 redimita
1211 2157 1363 2196 vestibus,

1012 2205 1067 2237 Ad
1091 2214 1184 2245 quam
1209 2213 1320 2244 preces
1345 2203 1517 2246 effuderat3

894 2254 932 2288 V.
962 2253 1007 2286 Et
1039 2261 1129 2293 quam
1156 2251 1265 2291 sponsi
1289 2253 1397 2284 servat
1419 2253 1516 2294 zeluS‚

1012 2299 1062 2331 De
1087 2299 1244 2332 caelorum
1268 2299 1440 2331 virtutibus

964 2348 1057 2381 Hanc
1080 2346 1248 2378 comitatur
1271 2347 1400 2386 angelus

1013 2394 1167 2428 Coronam
1193 2392 1300 2426 ferens
1321 2394 1475 2429 manibus,
