1652 2615
696 125 952 160 *271—

573 225 618 257 95.
650 228 691 258 De
712 228 817 259 saneto
837 228 865 259 S.
887 226 1088 258 Prosdocimo.

313 302 358 333 In
388 302 416 335 1.
446 303 662 344 Vesperis.

384 395 581 432 Antiphonae.

187 461 216 493 1.
243 462 331 493 Almi
356 463 467 494 laudes
494 463 692 509 confessoris,

294 509 387 541 Beati
413 511 620 551 Prosdooimi,

247 555 442 588 Resonemus
469 559 588 590 cunctis
614 559 700 591 horis

294 603 405 635 Mente
428 604 497 636 Deo
523 605 668 645 proximi.

212 701 219 708 .
248 678 353 710 Tanta
377 679 468 718 prole
493 678 664 712 fecundata

292 726 386 757 Felix
412 726 515 765 gaude
540 725 683 767 Graecia,

247 771 345 810 Quam
372 773 412 805 ad
441 773 523 806 dona
546 773 614 805 Deo
641 774 715 806 data

293 820 383 851 Petri
408 820 538 852 trahunt
562 821 653 852 retia.

211 919 217 927 .
245 894 269 927 O
296 896 437 928 solamen
461 896 660 936 miserorum,

293 942 393 974 Beate
417 942 633 981 Prosdocime,

248 988 386 1021 Cunctas
411 990 498 1029 pelle
518 990 630 1022 sordes
655 999 788 1030 morum,

296 1036 518 1069 Confessorum
543 1037 670 1076 optime.

214 1139 221 1146 .
250 1111 345 1143 Pater
369 1114 487 1150 sancte,
514 1113 582 1144 Deo
609 1121 691 1153 care,

295 1158 373 1191 Cum
398 1167 495 1198 prece
519 1159 648 1191 assidua

249 1205 381 1245 Semper
406 1206 566 1238 Christum
594 1206 766 1246 deprecare

296 1253 359 1285 Pro
387 1253 505 1284 dilecta
529 1252 648 1285 Padua.

214 1355 221 1361 .
249 1327 400 1360 Obtulisti
426 1328 553 1360 Christo
575 1327 687 1359 laudes

296 1374 417 1406 Gerens
444 1383 531 1414 spem
560 1374 599 1405 de
624 1374 775 1415 praemio,

246 1422 345 1455 Unde
372 1421 467 1462 digne
491 1424 526 1453 tu
553 1423 729 1462 congaudes

294 1469 447 1501 Abrahae
470 1469 503 1500 in
529 1469 658 1509 gremio.

361 1562 406 1590 Ad
430 1562 609 1597 Magnificat.

207 1656 214 1663 .
247 1629 376 1662 Gaudet
401 1630 514 1661 chorus
538 1628 754 1662 confessorum

293 1678 398 1709 Aucto
423 1686 482 1716 pro
509 1676 653 1718 collegio,

245 1724 435 1757 Gratulatur
462 1728 570 1756 coetus
595 1724 706 1755 horum

293 1771 404 1804 Nobili
429 1771 610 1812 praeconio,

245 1820 377 1851 Plaudit
401 1819 502 1850 omnis
528 1819 711 1859 angelorum

294 1866 486 1900 Reverenda
510 1866 606 1906 legio,

247 1913 390 1947 Offerens
417 1914 486 1955 regi
510 1915 656 1954 polorum

297 1962 536 1994 Prosdoeimum
563 1970 630 1992 cum
659 1960 784 2001 gaudio.

302 2086 364 2118 Ad
389 2085 506 2118 Matu
520 2085 664 2118 tinum.

378 2180 597 2207 Invitatorium.

246 2246 373 2279 Summo
399 2247 468 2287 regi
490 2246 674 2288 jubilemus,

290 2294 498 2334 Redemptori
522 2294 652 2334 optimo,

249 2340 362 2379 Corde,
388 2350 442 2374 ore
469 2342 674 2375 decantemus

292 2388 392 2426 Beato
417 2388 636 2427 Prosdoeimo,

987 307 1032 339 In
1060 305 1089 337 1.
1118 305 1341 337 Nocturno.

1069 370 1261 406 Antiphonae.

868 429 898 461 1.
925 427 1120 460 Generosum
1144 429 1271 460 trahens
1297 430 1399 460 ortum

974 476 1067 508 Clara
1093 475 1132 506 de
1155 475 1305 515 prosapia

928 521 1029 561 Hujus
1053 521 1137 553 vitae
1162 522 1282 562 sprevit
1306 524 1432 561 portum

973 568 1120 600 Tendens
1144 569 1186 600 ad
1211 568 1368 602 sublimia.

869 626 901 657 2.
928 626 1005 656 Cum
1030 626 1155 664 optaret
1179 625 1267 664 sequi
1293 625 1461 666 Christum,

973 671 1085 703 Noxae
1108 672 1201 710 pulsa
1224 672 1348 703 macula

929 718 1139 750 Pertransivit
1163 718 1314 750 mundum
1337 719 1433 750 istum

977 765 1061 797 Petri
1088 774 1155 796 cum
1178 766 1333 799 navicula.

870 822 900 854 3.
929 820 1129 853 Confidenter
1153 822 1202 854 vir
1227 820 1338 853 beatus

976 868 1132 908 Properat
1155 868 1322 901 Patavium

926 914 970 946 Et
993 925 1013 947 a
1036 915 1132 948 Petro
1156 915 1344 947 informatus

975 962 1072 1002 Optat
1096 962 1180 993 vitae
1201 963 1355 995 bravium.

896 1044 902 1050 .
928 1019 1068 1050 Paduam
1093 1018 1318 1050 Prosdocimus

976 1065 1069 1096 Petro
1093 1065 1207 1097 missus
1233 1066 1320 1097 venit

925 1111 969 1142 Et
993 1112 1026 1142 in
1051 1115 1146 1150 porta
1169 1112 1322 1151 plurimos

976 1158 1141 1198 languidos
1165 1159 1296 1191 invenit.

872 1217 900 1245 Γ.
929 1214 1067 1254 Cumque
1091 1223 1147 1246 rex
1174 1216 1360 1253 deposceret

975 1262 1059 1293 vitae
1083 1262 1261 1301 sanitatem,

929 1308 1079 1341 Obtinere
1100 1309 1216 1340 meruit

975 1355 1088 1387 mentis
1113 1356 1307 1395 sospitatem.

895 1438 902 1446 .
929 1413 1100 1452 Postquam
1132 1420 1189 1443 rex
1215 1414 1263 1442 est
1286 1412 1461 1444 illustratus

976 1459 1070 1491 Fidei
1095 1458 1258 1499 mystea—m,

931 1507 1166 1548 Consequenter
1197 1508 1245 1538 est
1270 1506 1387 1538 ditatus

979 1555 1093 1587 Castae
1118 1554 1217 1592 prolis
1242 1554 1393 1592 praemio.

1072 1618 1277 1654 Responsoria.

897 1702 904 1709 .
927 1676 990 1707 Hic
1014 1679 1062 1707 est
1086 1685 1176 1707 sacer
1200 1675 1299 1714 signis
1326 1675 1429 1707 clarus

977 1724 1096 1755 Beatus
1119 1722 1352 1756 Prosdooimus‚

931 1770 990 1809 Qui
1016 1770 1141 1802 exsistit
1163 1770 1232 1802 Deo
1259 1777 1360 1810 carus,

976 1818 1019 1850 Ei
1043 1825 1168 1857 semper
1191 1816 1373 1859 proximum

931 1866 1143 1905 Antiquorum
1169 1862 1380 1897 confessorum

979 1913 1044 1944 Hic
1069 1916 1215 1944 censetur
1240 1911 1354 1951 socius,

933 1961 970 1993 In
998 1963 1127 1992 caterva
1151 1958 1299 1999 splendet
1323 1967 1453 1998 quorum

981 2007 1076 2039 Velut
1101 2007 1177 2038 solis
1202 2006 1329 2046 radius3

934 2055 1000 2094 Quo
1029 2056 1162 2095 rectore,
1189 2062 1249 2094 quo
1277 2053 1405 2085 doctore

981 2103 1164 2134 illustratur
1187 2100 1343 2142 Mambri,

934 2151 999 2189 Quo
1027 2150 1206 2189 congaudes
1230 2150 1264 2179 tu
1289 2151 1429 2189 pastore,

983 2198 1007 2230 O
1031 2196 1108 2229 urbs
1131 2195 1317 2227 Antenoria.

896 2272 902 2279 .
934 2245 1030 2278 Sidus
1059 2252 1131 2275 vere
1156 2241 1369 2281 sacerdotum,

981 2292 1105 2324 Lucens
1136 2298 1194 2329 per
1219 2289 1393 2328 illyricum*

935 2337 1109 2372 illustrasti
1135 2337 1203 2368 fere
1226 2339 1327 2368 totum

981 2385 1135 2433 Populum
1160 2383 1316 2417 Italicum,
