1652 2615
745 167 978 204 ...85-

398 261 444 290 Ad
463 262 648 291 Benedictus.

213 310 254 341 A.
285 310 373 342 Ilaec
398 313 444 342 est
471 310 538 342 dies
563 312 738 352 praeclara,

284 358 393 389 Aurea
413 358 483 388 luce
506 362 686 397 perornata,

284 403 390 435 Hodie
415 404 519 435 oriens
547 413 585 436 ex
609 405 673 436 alto

284 450 413 482 Effulsit
437 452 521 483 omni
546 453 681 491 saeculo,

283 497 390 530 Hodie
415 506 453 528 ex
480 497 588 529 oblatu
615 499 743 539 virginis

284 544 379 576 Venit
405 545 581 584 redemptio
607 545 702 585 orbis,

283 591 369 631 Ergo
395 592 549 623 laetemur
574 595 605 622 et
630 592 820 623 exsultemus

284 638 479 669 Psallentes:
514 638 706 670 Benedictus
732 640 828 671 Deus.

405 712 464 744 Ad
488 712 634 746 Horas,

417 777 463 804 Ad
485 777 623 804 Primam.

245 851 251 858 .
284 826 372 858 Sicut
393 827 478 864 luna,
504 826 599 857 immo

283 872 449 904 Pulchrior
474 881 564 911 quam
590 874 673 915 luna,

285 920 343 952 Cui
368 920 416 951 sol
442 918 584 950 Christus
610 920 656 950 sic
674 920 789 960 illuxit,

283 966 326 998 Ut
353 969 383 997 et
409 967 479 1006 ipsa
503 966 571 998 orbi
596 967 679 997 luxit

281 1013 319 1045 In
343 1013 513 1052 splendore
536 1014 728 1052 sempiterno

282 1060 415 1091 Manens
441 1060 509 1090 sine
531 1060 728 1091 detrimento.

416 1123 461 1150 Ad
480 1124 617 1151 Tertiam.

242 1197 249 1203 .
283 1173 464 1205 Castrorum
485 1172 568 1203 acies
593 1172 739 1204 ordinata

280 1219 348 1251 Ista
368 1220 457 1257 virgo
481 1218 542 1250 Dei
566 1222 700 1257 sacrata,

279 1265 425 1297 Hostium
452 1273 548 1297 cuneo
574 1265 736 1304 terribilis,

278 1313 473 1353 Angelorum
498 1311 579 1343 fulta
602 1312 784 1352 praesidiis,

277 1359 405 1391 Vallata
429 1359 535 1390 multis
562 1359 761 1401 exercitibus,

279 1406 421 1439 Omnium
443 1409 622 1438 sanctorum
640 1407 825 1446 agminibus,

419 1470 465 1499 Ad
485 1471 611 1498 Sextam.

205 1519 245 1551 A.
275 1519 306 1550 A
331 1519 464 1551 saeculis
489 1520 670 1559 praeelecta

278 1565 368 1598 Sicut
390 1566 437 1598 sol
462 1569 511 1598 est
533 1566 613 1598 haec
637 1567 747 1606 electa,

280 1612 374 1645 Clara
398 1613 548 1646 virtutum
575 1612 708 1653 fulgore,

279 1661 371 1692 Omni
394 1661 595 1701 praepollens
622 1661 744 1702 decore,

963 265 1010 297 De
1033 274 1093 304 qua
1117 263 1164 295 sol
1185 263 1328 303 justitiae

963 312 1114 352 Dignatus
1141 313 1188 341 est
1210 310 1393 349 procedere.

1104 370 1149 397 Ad
1168 369 1290 397 Nonam.

890 421 929 452 A.
960 419 1058 457 Hujus
1082 422 1224 450 sacratae
1250 418 1379 457 virginis

961 466 1046 497 Odor
1073 464 1323 505 inaestimabilis,

961 511 1055 551 Cujus
1079 512 1160 543 mira
1184 510 1358 551 fragrantia

960 560 1112 590 Laetatur
1137 558 1218 589 caeli
1239 558 1336 597 regia,

960 605 1057 643 Quam
1081 613 1140 645 per
1164 614 1253 636 suum
1278 604 1459 644 obsequium

961 651 1163 684 Circumdant
1185 649 1279 683 flores
1304 661 1449 683 rosarum

959 698 1000 730 Et
1023 699 1092 730 lilia
1117 698 1313 740 convallium,

959 745 1072 777 Omnes
1098 745 1220 776 animae
1245 745 1355 776 beatae

959 792 1109 824 Passione
1132 791 1321 830 rubricatae,

959 838 1111 870 Castitate
1137 838 1334 870 condidatae.

1028 904 1073 935 In
1099 904 1131 935 2.
1157 903 1373 942 Vesperis.

1075 957 1120 985 Ad
1139 957 1317 992 Magnificat.

920 1031 926 1037 .
957 1007 1035 1045 Ave,
1061 1005 1175 1044 Maria,

960 1052 1071 1084 Gratia
1097 1052 1201 1094 plena,

960 1100 1038 1138 Ave,
1064 1099 1249 1138 virguncula
1276 1100 1466 1139 dulcissima,

959 1145 1043 1176 Caeli
1069 1145 1186 1183 regina,

955 1191 1069 1223 Mundi
1096 1191 1230 1234 domina,

956 1239 1017 1270 Per
1041 1247 1133 1278 quam
1157 1238 1251 1270 datur
1275 1238 1503 1278 misericordia,

956 1284 1046 1316 Salus
1071 1285 1181 1324 honor,
1208 1285 1272 1316 vita
1298 1288 1328 1316 et
1353 1286 1462 1325 gloria.

956 1332 1005 1365 Sis
1030 1331 1197 1363 benedicta

955 1379 1041 1410 Inter
1063 1379 1168 1411 omnia

955 1425 999 1457 Et
1023 1435 1117 1465 super
1142 1426 1256 1465 omnia,

955 1472 1001 1504 Te
1025 1473 1157 1505 laudant
1182 1475 1213 1503 et
1235 1473 1370 1505 adorant
1387 1473 1501 1505 omnia.

957 1520 1054 1552 Sacra
1079 1520 1157 1551 haec
1180 1522 1235 1551 tua
1258 1520 1472 1559 praesentatio

953 1566 1009 1599 Fit
1033 1566 1202 1606 caeligenis
1228 1567 1408 1606 gratulatio,

953 1613 1001 1645 Sit
1025 1613 1192 1653 terrigenis
1219 1613 1386 1645 exsultatio

954 1660 996 1692 Et
1022 1660 1215 1700 sempiterna
1238 1660 1429 1693 benedictio.

282 1716 367 1743 Brev.
388 1724 441 1743 ms.
462 1716 658 1743 Mcnasticum
678 1723 753 1742 saec.
778 1713 821 1742 15.
865 1715 932 1742 Ood.
954 1715 1076 1751 Pragen.
1097 1715 1157 1742 XII
1176 1715 1203 1742 D
1225 1713 1269 1741 15.
1291 1730 1327 1734 —
1349 1715 1409 1742 Der
1427 1716 1503 1742 Text

205 1755 245 1780 ist
264 1754 329 1781 sehr
351 1754 481 1781 schleeht
499 1753 680 1785 iiherliefert;
702 1753 740 1780 da
760 1753 829 1780 aber
850 1754 946 1789 einige
964 1753 1047 1780 Teile
1068 1752 1194 1780 anderen
1215 1752 1349 1785 Officien,
1369 1758 1500 1779 nament-

204 1791 264 1818 lich
299 1791 355 1818 den
388 1791 489 1819 beiden
523 1790 779 1826 vorhergehenden
812 1791 943 1817 entlvhnt
975 1791 1056 1825 sind,
1098 1790 1196 1817 lassen
1229 1791 1298 1825 jene
1335 1790 1399 1817 sich
1429 1790 1504 1817 nach

206 1829 306 1856 diesen
325 1830 505 1857 verbessern.
531 1843 565 1847 —-
585 1829 626 1856 In
648 1827 672 1855 1.
692 1829 798 1864 Vesp.
821 1827 842 1854 Α
864 1826 891 1860 3,
912 1826 929 1856 3
950 1828 992 1855 Ac
1012 1830 1110 1865 stirpe.
1132 1842 1167 1846 ——
1188 1827 1230 1854 In
1247 1826 1270 1854 1.
1285 1828 1386 1855 Noet.
1408 1826 1429 1853 Α
1445 1826 1471 1861 2,
1486 1827 1505 1855 4

204 1867 301 1894 Maria
325 1868 533 1903 praesentatur.
562 1885 598 1888 --
621 1867 693 1894 Drei
719 1864 766 1892 ΑΑ
794 1866 952 1901 prosaisch.
982 1882 1020 1886 —
1048 1865 1067 1892 R
1096 1864 1126 1901 1,
1154 1863 1171 1892 2
1199 1865 1335 1892 Omnium
1362 1865 1442 1892 fehlt.
1468 1880 1505 1884 —

206 1903 226 1930 R
251 1903 276 1939 2,
299 1904 316 1932 5
337 1905 372 1932 In
392 1905 563 1941 parentibus
585 1905 705 1931 cunctis.
726 1918 764 1922 —
788 1902 807 1930 R
832 1902 857 1938 3,
879 1902 896 1930 2
915 1905 983 1931 Rite
1003 1904 1154 1940 regalibus
1175 1905 1331 1938 praecepti.
1352 1917 1388 1922 —
1411 1901 1431 1928 R
1445 1901 1466 1936 3Ἰ
1486 1902 1506 1930 4

204 1951 238 1970 ac
263 1942 418 1970 vivificum.
448 1958 486 1962 —
524 1940 544 1968 R
574 1940 606 1976 3,
635 1941 652 1969 7
685 1944 715 1969 in
741 1942 849 1978 templo
877 1944 987 1969 saneto.
1014 1958 1052 1962 —
1078 1941 1138 1970 Ein
1168 1939 1188 1966 R
1216 1941 1375 1977 prosaisch.
1402 1955 1437 1959 —
1463 1942 1505 1969 In

204 1979 230 2007 2.
251 1982 351 2009 Noct.
374 1980 396 2008 Α
420 1979 443 2013 1,
469 1978 483 2007 1
505 1980 591 2008 Vivo.
671 1978 690 2006 R
714 1978 737 2014 1,
758 1978 778 2007 4
796 1980 877 2007 Deus
899 1981 977 2007 etin
998 1981 1087 2008 caelo.
1108 1994 1144 1998 —
1167 1977 1186 2004 R
1209 1977 1234 2012 2,
1255 1977 1272 2006 3
1292 1979 1349 2006 Dei
1369 1980 1503 2006 taberna-

203 2019 309 2046 culum.
335 2034 369 2038 —
396 2018 416 2046 Β
440 2016 470 2051 2,
491 2017 510 2046 4
530 2021 628 2046 monte
654 2021 753 2046 sancto
774 2019 840 2045 Dei.
862 2032 895 2037 —-
920 2016 940 2043 Β
961 2016 994 2052 3,
1018 2016 1035 2044 2
1056 2018 1209 2046 infantiam
1228 2017 1308 2044 fehlt.
1329 2032 1366 2035 —
1387 2015 1407 2042 Β
1428 2016 1461 2050 4,
1485 2015 1505 2044 4

203 2057 319 2085 Gaudet
337 2058 418 2086 fehlt.
440 2071 475 2076 ——
491 2055 538 2082 ΑΑ
560 2056 577 2084 5
599 2056 657 2083 und
679 2055 695 2083 6
714 2056 874 2092 prosaisch.
897 2071 931 2075 —
957 2054 977 2081 Β
1003 2054 1026 2089 1,
1051 2055 1065 2083 1
1087 2055 1110 2081 O
1131 2056 1264 2090 speciosa
1285 2055 1446 2083 benedicta.
1468 2069 1505 2073 —

204 2093 224 2121 Β
248 2094 273 2129 1,
295 2094 312 2122 2
333 2097 479 2132 virginum
500 2095 604 2122 Maria.
624 2110 662 2114 —-
686 2092 706 2120 Β
731 2093 755 2129 1,
776 2092 794 2122 3
816 2095 909 2121 omnis
930 2094 1012 2121 caeli.
1032 2110 1071 2114 —--
1091 2091 1110 2119 Β
1134 2092 1158 2127 1,
1178 2091 1199 2120 4
1219 2094 1313 2120 omnis
1337 2096 1446 2121 saneta.
1468 2108 1505 2112 —

205 2131 225 2158 Β
248 2133 272 2167 1,
294 2133 311 2161 5
334 2135 443 2161 Omnis.
466 2147 499 2151 ——
525 2130 545 2158 Β
568 2130 593 2167 1,
615 2131 631 2160 6
655 2135 683 2160 et
702 2132 799 2160 laudis
816 2133 931 2160 cantica
951 2140 1023 2160 voce
1043 2131 1192 2160 resultent.
1214 2146 1248 2149 —
1261 2129 1281 2157 Β
1303 2129 1329 2165 2,
1351 2129 1368 2159 3
1389 2139 1431 2166 sq.
1452 2131 1504 2158 Di-

202 2173 264 2201 vini
288 2172 457 2208 spiraminis
478 2173 571 2198 totum
591 2172 660 2206 igne
680 2173 847 2198 crematum.
862 2185 898 2188 —
915 2169 935 2196 Β
951 2168 982 2204 3,
1003 2168 1021 2198 3
1040 2170 1207 2198 Infantulae
1227 2171 1332 2196 aetate.
1347 2183 1384 2187 —
1400 2167 1429 2201 Β,
1446 2166 1472 2198 3,
1487 2166 1504 2195 6

198 2209 260 2244 jam
286 2210 366 2245 fehlt.
391 2224 429 2230 —
457 2207 477 2234 R
497 2207 535 2242 4,
557 2207 574 2235 2
593 2209 706 2244 flagrat.
734 2224 772 2228 —
798 2207 818 2235 Β
838 2206 870 2242 4,
892 2206 909 2236 3
930 2217 972 2245 sq.
994 2208 1103 2235 Sancta
1121 2207 1184 2234 Deo
1204 2207 1301 2234 hostia
1321 2207 1416 2242 placet
1436 2207 1505 2232 viva

204 2248 287 2283 virgo
307 2248 413 2275 Maria.
435 2262 470 2266 -—
483 2247 525 2274 In
539 2244 566 2274 3.
580 2246 604 2272 N
618 2249 683 2274 oet.
705 2247 750 2273 Ad
770 2247 893 2274 Cantica
910 2245 931 2272 Α
952 2246 1113 2282 prosaiseh.
1127 2259 1164 2263 —-
1178 2242 1200 2270 Β
1222 2244 1247 2278 1,
1270 2243 1287 2271 5
1307 2253 1349 2280 sq.
1363 2244 1505 2271 Effiomm

204 2286 287 2321 virgo
310 2287 391 2322 regni
412 2286 462 2321 pia
484 2286 567 2321 virgo
588 2285 693 2311 Maria.
713 2299 750 2303 —
772 2282 792 2310 Β
814 2282 845 2317 2,
867 2283 883 2311 5
904 2285 961 2312 Dei
982 2292 1097 2320 sponsa.
1119 2299 1155 2303 —-
1178 2280 1198 2308 Β
1221 2280 1251 2315 3,
1272 2280 1291 2309 4
1311 2282 1446 2317 adplen85
1475 2289 1505 2309 es

205 2323 301 2350 fehlen
322 2323 384 2351 drei
404 2323 512 2351 Silben.
534 2338 570 2342 -
593 2320 613 2349 Β
634 2320 660 2355 3,
682 2320 699 2349 6
720 2322 805 2351 datur
825 2325 854 2349 et
871 2322 967 2349 hostia
987 2323 1084 2358 placet
1101 2322 1179 2348 viva.
1203 2335 1236 2339 —-
1259 2317 1279 2345 Β
1301 2317 1327 2352 3,
1349 2320 1366 2346 8
1387 2319 1427 2346 Et
1442 2320 1503 2354 jam

207 2369 324 2397 sponsa.
346 2376 381 2380 —
405 2359 425 2387 R
446 2359 472 2394 4,
494 2358 511 2386 2
532 2360 626 2388 fehlen
651 2360 713 2387 droi
733 2358 850 2394 Silben3
870 2358 969 2387 Maria
989 2361 1115 2396 ergiinzt.
1132 2372 1167 2377 —
1180 2358 1229 2385 Ad
1248 2358 1416 2385 Tertiam.
1437 2357 1472 2390 A,
1488 2355 1506 2383 2

204 2407 296 2427 sacra.
318 2413 354 2417 —
380 2398 430 2426 Ad
456 2397 609 2426 Sextam
633 2398 674 2431 A,
696 2395 713 2424 6
739 2397 871 2425 Christus
897 2398 1042 2434 dignatus.
1069 2413 1106 2418 -÷
1131 2396 1180 2423 Ad
1201 2396 1336 2424 Nonam
1357 2395 1394 2429 A,
1419 2394 1433 2422 1
1460 2403 1505 2422 sa-

204 2446 280 2465 crae.
311 2452 343 2456 —
378 2436 453 2465 Ibid.
475 2435 492 2464 5
523 2445 574 2472 per
599 2444 682 2463 suurn
713 2437 911 2463 venerationis
943 2436 1123 2472 obsequium.
1150 2451 1183 2456 --
1215 2434 1258 2461 In
1283 2431 1310 2460 2.
1337 2434 1443 2469 Vesp.
1469 2433 1506 2460 ad

204 2476 303 2512 Magn.
324 2473 356 2510 Α,
380 2473 414 2502 15
434 2475 519 2502 nobis
540 2474 712 2502 benedictio.
