1652 2615
211 1385 241 1416 ἸΨ

734 165 777 170 ,-
827 146 965 181 63-

265 237 390 269 Nobilis
416 243 448 271 et
472 241 598 284 munda,

314 285 368 323 pia
393 286 481 326 virgo
506 287 635 326 Deoque
657 288 808 326 jucunda.

230 362 238 370 .
266 339 403 371 Laetitia
426 351 539 382 magna

311 386 456 420 Joachim
480 390 622 429 repletur
647 393 678 420 et
701 390 805 431 Anna,

267 432 350 464 Vota
373 433 442 467 Deo
467 445 548 475 pura

315 481 455 513 reddunt
480 492 537 522 pro
562 484 653 522 prole
678 482 794 525 futura,

269 526 332 566 Spe
355 528 473 561 sobolis
499 531 587 570 certi,

312 574 390 612 justi
417 576 486 607 sine
510 575 624 609 fraude
649 578 777 615 reperti.

234 656 239 661 .
267 630 420 662 Radia-em
445 632 537 664 Jesse

316 675 424 709 fuerat.
446 677 560 710 florere
585 687 724 715 necesse,

268 723 426 764 Virgaque
451 726 540 766 signa
566 726 665 768 daret,

316 771 400 810 quod
417 773 506 812 virgo
523 772 626 804 Deum
642 776 817 816 generaret,

268 819 425 858 Annaque
449 819 486 851 fit
510 820 595 851 laeta

315 865 474 904 promissa
496 867 588 906 prole
612 867 752 905 repleta3

267 912 398 944 Talibus
425 914 552 953 egregia

319 960 417 999 signis
444 959 504 992 fuit
529 963 600 992 orta
623 960 738 991 Maria.

381 1054 412 1084 A
422 1054 441 1085 d
469 1054 495 1085 L
505 1063 524 1085 a
533 1064 553 1085 u
564 1054 584 1085 d
599 1063 616 1085 e
625 1063 649 1085 s.

413 1127 609 1163 Autiphonae.

233 1210 240 1216 .
266 1185 358 1216 Misit
381 1184 468 1216 Deus
495 1184 676 1216 Gabrielem

315 1240 383 1262 cum
408 1232 579 1271 splendore
603 1231 740 1270 luminis,

266 1278 423 1310 Nuntiare
448 1279 567 1311 Christi
591 1278 702 1310 matris

314 1329 416 1357 ortum
442 1328 571 1358 sauctae
593 1326 736 1365 virginis.

270 1382 322 1414 Ad
347 1381 491 1414 Joaehim
517 1385 549 1413 et
573 1383 615 1414 ad
639 1383 764 1414 Annam

314 1428 401 1460 facta
426 1433 473 1462 est
498 1429 675 1469 promissio,

268 1476 358 1515 Quod
384 1476 423 1509 ab
449 1477 528 1518 ipsis
554 1477 673 1508 orietur

315 1524 405 1563 virgo
430 1525 527 1564 plena
551 1524 676 1564 gaudio.

233 1608 239 1613 .
267 1582 344 1620 Ipsa
368 1580 468 1612 Deum
495 1579 661 1621 generabit

316 1628 384 1659 sine
410 1629 471 1660 viri
495 1628 624 1667 semine,

275 1676 408 1714 Semper
433 1676 521 1714 virgo
546 1675 642 1714 plena
667 1673 728 1704 erit

319 1725 429 1754 saneto
454 1722 515 1753 Dei
538 1720 673 1752 flamine.

887 243 918 275 4.

890 449 919 480 5.

878 777 918 807 A.

878 1393 920 1423 A.

946 241 1118 273 Benedicta
1141 241 1341 272 benedictum

992 289 1155 327 generabit
1179 287 1288 326 filium,

946 335 1006 366 Dei
1030 334 1172 374 verbum,
1199 343 1303 374 regem
1327 341 1446 374 regum,

993 382 1181 414 salvatorem
1206 382 1352 413 omnium.

948 448 1077 480 Oriente
1103 448 1219 480 Christi
1244 449 1345 478 matre

995 495 1132 534 gaudeat
1157 494 1299 533 eeclesia,

946 541 996 572 Ex
1023 550 1084 580 qua
1107 542 1223 573 mundo
1247 542 1300 572 lux
1327 543 1374 571 est
1398 543 1467 571 orta

994 588 1055 619 Dei
1080 589 1290 626 providentia.

1065 698 1110 726 Ad
1131 699 1312 726 Benedictus.

949 774 1048 806 Stella
1072 773 1194 815 fulgens
1219 775 1338 806 0r1etur

998 822 1036 853 de
1061 821 1159 853 Jacob
1186 820 1314 858 familia,

950 868 1000 899 De
1024 867 1108 900 Juda
1130 877 1191 899 non
1217 867 1379 899 auferetur

994 914 1092 954 Virga
1113 915 1232 954 sceptri
1257 915 1353 954 regia,

948 961 1058 993 Donec
1081 961 1146 1004 ille,
1173 962 1226 1001 qui
1251 961 1403 1001 mittetur,

994 1008 1109 1040 Veniet
1135 1017 1203 1039 cum
1229 1008 1338 1050 gloria,

949 1054 999 1086 De
1025 1054 1144 1094 virgine
1169 1056 1221 1094 qui
1246 1058 1393 1086 nascetur

996 1102 1095 1133 Plena
1119 1102 1180 1133 Dei
1205 1102 1316 1140 gratia.

1018 1240 1065 1272 In
1091 1243 1122 1274 2.
1150 1241 1365 1281 Vesperis.

1065 1333 1111 1361 Ad
1131 1334 1309 1370 Magnificat.

950 1391 1050 1424 Stella
1074 1392 1182 1434 maris,
1209 1393 1294 1423 vitae
1319 1394 1441 1432 portus,

996 1438 1093 1478 Virgo
1117 1440 1213 1478 plena
1237 1439 1367 1480 gratiae,

948 1485 1035 1517 Fons
1051 1485 1225 1526 hortorum,
1246 1485 1362 1517 florens
1378 1486 1496 1517 hortus.

998 1532 1061 1564 Vas
1088 1533 1335 1575 misericordiae,

949 1579 999 1611 Ex
1025 1582 1056 1610 te
1081 1589 1175 1612 verus
1200 1581 1247 1612 sol
1273 1583 1322 1611 est
1345 1583 1442 1621 ortus,

997 1627 1068 1658 Lux
1094 1628 1237 1659 coelestis
1263 1627 1392 1667 gloriae,

950 1674 1002 1705 Ab
1028 1675 1138 1713 angelo
1164 1675 1251 1713 eujus
1277 1677 1363 1705 ortus

997 1720 1150 1752 Declatur
1175 1721 1278 1752 hodie.

277 1787 362 1813 Brev.
385 1795 438 1814 ms.
458 1787 627 1813 Morinense
646 1793 721 1812 saec.
744 1784 786 1813 15.
829 1785 897 1813 God.
918 1785 1044 1812 Parisin.
1072 1782 1106 1812 17
1116 1783 1179 1813 997.

630 1867 678 1898 20.
708 1867 752 1898 De
773 1866 975 1907 conceptione
994 1866 1081 1898 Bmv.

337 1939 385 1971 In
412 1940 443 1974 1.
470 1938 687 1978 Vesper-is.

381 2013 475 2050 Super
493 2013 636 2041 Psalmos.

268 2072 369 2104 Stella
392 2072 503 2115 Jacob,

314 2119 420 2159 proles
445 2119 611 2157 Davidica,

268 2166 419 2199 Paritura

313 2213 413 2244 solem
434 2212 588 2254 justitiae,

268 2260 384 2294 Matris
410 2262 482 2294 alvo

315 2307 474 2339 clauditur
494 2306 597 2349 unica,

271 2352 388 2387 Sancta
413 2353 500 2387 facta

314 2398 441 2432 fluentis
466 2401 597 2442 gratiae,

879 2260 918 2289 A.

954 1937 1076 1976 Pangat
1100 1938 1244 1980 mundus⁷

999 1984 1132 2024 plaudat
1157 1994 1218 2016 vox
1244 1984 1371 2022 coelica,

951 2031 1047 2063 Tanti
1070 2029 1144 2063 festi

1000 2079 1081 2110 dono
1105 2079 1256 2111 laetitiae.

1075 2191 1120 2218 Ad
1140 2190 1319 2226 Magnificat.

950 2259 1062 2291 Saerat
1088 2260 1212 2290 domum

996 2303 1066 2336 fons
1092 2304 1276 2344 sapientiae,

949 2352 1056 2384 Fulcit
1082 2352 1182 2391 donis,

997 2401 1087 2431 ornat
1113 2399 1294 2441 virtutibuS‚
