1652 2615
746 141 1002 177 —219—

409 243 454 270 Ad
473 243 657 273 Benedictus.

226 318 268 349 A.
298 318 468 350 Praeclara
491 320 669 363 luminaria,

345 365 464 398 Christi
487 369 555 399 veri
580 368 712 408 pugiles,

296 411 459 444 Translati
483 413 545 445 Dei
569 415 671 454 gratia

344 459 422 490 Sitis
446 460 534 491 urbis
554 462 677 502 vigiles,

297 505 407 545 Sitque
431 508 528 539 vestri
556 509 736 548 praesentia

348 553 484 585 Cunctos
509 553 638 587 firmans
665 555 796 589 debiles.

1040 237 1086 269 In
1112 238 1143 269 2.
1170 236 1196 269 V
1211 242 1279 275 esp
1291 232 1388 267 eris.

1091 292 1137 319 Ad
1156 290 1332 326 Magnificat.

906 343 945 373 A.
979 340 1117 372 Gloriosi
1141 340 1266 380 milites,

1020 386 1141 420 Urbem
1164 385 1352 424 defendatis,

975 435 1077 466 Verae
1107 433 1181 465 vitis
1205 432 1361 472 palmites,

1022 480 1135 512 Vinum
1161 479 1318 517 tribuatis,

973 527 1063 567 Quod
1088 527 1221 567 gustatis
1249 526 1361 557 divites

1022 574 1172 606 Omnibus
1197 573 1307 606 beatis

300 636 383 662 Biev.
411 644 464 662 ms.
492 635 707 664 Salernitanum
734 645 808 664 saec.
839 636 882 665 15.
923 638 991 665 Ood.
1014 637 1106 672 Capit.
1128 636 1302 665 Salernitan.
1330 644 1352 663 s
1379 646 1407 664 n.
1428 637 1461 663 A.
1484 650 1520 654 —

222 672 300 708 Prop
301 682 324 699 r.
348 673 566 701 Salernitanum
595 675 661 710 imp.
689 674 812 721 Neapoli
841 673 922 702 1594.
947 676 981 702 Β
1001 689 1038 693 -
1056 675 1099 702 In
1120 673 1145 702 1.
1165 676 1260 709 Vesp
1291 673 1317 700 A
1340 672 1372 707 1,
1394 672 1411 701 2
1431 674 1519 701 Plebs

220 682 327 738 (levopta
352 710 468 746 plaude
462 713 492 737 at
514 710 548 737 B.
575 726 611 730 —-
638 711 659 737 Α
681 710 713 745 5,

738 712 917 748 Magnum
942 712 1080 748 suffragia
1097 713 1132 739 A.
1158 726 1195 731 —
1221 683 1260 737 Rp
1269 711 1342 738 fehlt
1362 712 1395 739 Β.
1415 727 1453 731 —
1475 711 1521 738 Ad

217 747 316 783 Magn.
338 746 375 782 A,
396 746 415 775 5
438 749 483 775 De
509 750 584 776 mira
608 750 684 776 sacri
714 750 818 777 tumuli
837 751 871 777 A.
896 765 934 770 —
959 748 980 775 R
1003 748 1033 783 1,
1055 747 1073 775 2
1099 750 1247 777 illustrata
1265 749 1325 776 AB.
1348 765 1384 768 —
1405 748 1426 775 Β
1449 747 1480 781 1,
1501 747 1519 775 5

218 785 361 821 Magnum
381 785 532 821 plodigiis.
554 801 588 805 --
613 785 632 812 R
654 785 680 819 2,
702 785 718 813 5
740 795 775 822 sq
777 787 881 815 .Dum
901 796 951 823 sep
952 787 1078 814 ultorum
1098 788 1207 822 frangit
1223 787 1283 813 AB.
1298 800 1335 804 ——
1348 788 1390 814 In
1408 786 1518 813 Laud.

219 821 242 848 Α
263 823 291 858 4,
316 822 336 850 4
356 824 417 851 Nee
436 824 533 850 minus
554 824 612 851 AB.
635 838 671 842 —
692 824 746 851 Die
756 796 906 859 qHymnen
925 825 975 852 cfr.
994 824 1078 851 Anal.
1098 824 1194 858 XXII,
1219 822 1272 851 105
1292 832 1334 857 sq-

661 944 708 974 75.
739 943 781 973 De
798 944 904 974 saneto
922 942 1072 983 Galgano.

364 1012 411 1044 In
438 1013 468 1045 1.
497 1013 715 1053 Vesperis.

430 1086 628 1120 Antiphonae.

231 1144 263 1176 1.
292 1145 443 1176 Laetetur
468 1142 560 1183 plebs
583 1142 736 1184 fidelium,

287 1192 342 1223 Ad
365 1193 547 1222 sanctorum
573 1191 763 1222 consortium

292 1238 453 1277 Galganus
479 1237 607 1269 scandit
630 1237 758 1268 inclitus

287 1285 379 1318 Omni
404 1284 522 1316 virtute
544 1284 720 1323 praeditus,

225 1352 257 1382 2.
282 1351 422 1383 Exortus
446 1350 480 1380 in
505 1350 670 1388 provincia

285 1398 396 1430 Castro
422 1396 563 1429 Gluslino
587 1396 731 1435 Tusciae,

287 1445 481 1476 Proavorum
503 1443 654 1484 prosapia

289 1490 480 1531 Spectabilis
505 1490 667 1530 progenie.

227 1558 258 1589 3.
285 1558 323 1589 In
349 1556 439 1587 annis
464 1555 640 1594 puerilibus

283 1603 368 1636 Satis
394 1601 520 1634 effrenis
544 1602 686 1633 moribus

283 1649 457 1683 Instruitur
482 1649 625 1689 angelica

285 1697 415 1729 Visione
439 1694 582 1727 mirifica.

224 1763 256 1793 4.
284 1762 437 1800 Princeps
463 1761 608 1792 caelestis
634 1761 766 1801 patriae,

282 1808 422 1841 Michael
447 1808 517 1840 visu
542 1807 655 1849 adfuit,

283 1856 394 1888 Sumat
417 1863 518 1887 novae
539 1855 683 1895 militiae,

282 1903 379 1944 Signa
404 1901 581 1942 Gralganum
605 1903 735 1936 monuit.

396 1995 442 2023 Ad
462 1995 641 2031 Magnificat.

206 2064 246 2097 A.
276 2062 463 2104 Magnificat
486 2073 564 2104 prae
590 2063 703 2095 ceteris

278 2111 457 2143 Virtutibus
482 2111 655 2143 innumeris

276 2158 452 2199 Galganum
478 2162 622 2190 sanctum
649 2158 761 2198 deitas,

277 2207 339 2238 Per
363 2205 497 2246 gratiam
523 2206 740 2248 praeveniens,

277 2254 316 2285 In
342 2253 452 2284 eadem
477 2252 653 2294 stabiliens,

282 2299 444 2332 Coronans
469 2308 528 2339 per
552 2300 704 2340 gloriam3

281 2347 342 2379 Per
367 2355 458 2387 quem
482 2346 575 2379 nobis
600 2347 724 2381 veniam

280 2395 426 2427 Praestet
449 2395 545 2427 beata
570 2395 708 2429 trinitas.

1034 1014 1096 1045 Ad
1120 1014 1383 1046 Matutinum.

1101 1088 1314 1114 Invitatorium.

967 1143 1083 1182 Regem
1109 1145 1272 1176 laudemus
1297 1147 1468 1184 aeternum,

968 1189 1027 1227 Qui
1052 1193 1160 1222 sancto
1187 1190 1329 1230 Galgano
1353 1201 1484 1231 regnum

965 1236 1064 1268 Dedit
1087 1238 1120 1269 in
1146 1238 1240 1268 caelis
1266 1246 1446 1276 supernum.

1022 1330 1069 1362 In
1096 1331 1125 1363 1.
1152 1330 1380 1364 Nocturno.

1101 1404 1295 1440 Antiphonae.

931 1485 938 1492 .
966 1461 1081 1493 Beatus
1107 1462 1320 1501 evangelicam

1010 1507 1126 1548 Legem
1150 1509 1332 1549 meditatur,

965 1555 1048 1594 Quae
1077 1564 1136 1595 per
1161 1556 1336 1588 doctrinam
1362 1557 1513 1588 caelioam

1009 1601 1077 1633 Sibi
1104 1604 1346 1635 demonstratur.

928 1683 934 1689 .
961 1657 1063 1695 Quare
1087 1659 1262 1690 mundialia

1008 1705 1102 1737 Vana
1125 1710 1237 1737 cuncta
1260 1707 1391 1745 sprevit,

962 1750 1020 1789 Qm·
1045 1753 1113 1783 sola
1138 1752 1286 1783 caelestia

1008 1798 1165 1837 Quaerere
1191 1799 1341 1833 decrevit.

901 1873 931 1887 ..
957 1854 1035 1886 Cum
1060 1855 1241 1888 invocarem
1266 1856 1445 1897 Dominum,

1006 1902 1063 1933 Ait
1088 1906 1225 1943 sanctus,
1244 1904 1396 1944 justitiae,

957 1948 1068 1980 Vitare
1092 1950 1218 1982 turbam
1242 1951 1401 1983 hominum

1005 1996 1105 2029 Decet
1130 2006 1230 2030 vanae
1254 1998 1396 2033 militiae.

924 2077 930 2084 .
958 2053 1063 2085 Verba
1087 2063 1167 2095 mea,
1192 2055 1338 2097 Domine,

1004 2101 1139 2141 Percipe
1166 2103 1336 2144 precantis,

959 2148 1050 2179 Viam
1073 2152 1128 2181 tuo
1151 2151 1270 2182 lumine

1006 2195 1155 2237 Dirigens
1182 2197 1327 2229 errantis.

926 2276 934 2284 .
960 2252 1104 2292 Domine,
1130 2253 1309 2284 mirabilem

1007 2299 1131 2331 Tenens
1156 2300 1380 2344 principatum,

962 2346 1020 2389 Da,
1049 2346 1172 2378 vincam
1196 2346 1371 2379 terribilem

1008 2392 1178 2426 Daemonis
1204 2396 1360 2430 conatum,
