1652 2615
192 222 223 254 2.
250 223 422 256 Exsultant
444 227 549 258 ‚Iudae
573 225 666 271 filiae,

248 270 330 302 Nam
357 271 412 303 dat
436 272 520 304 vitae
545 274 684 306 radicem

248 317 316 349 Nec
339 327 402 350 non
427 322 529 351 ortum
554 318 688 359 felicem,

246 364 333 403 Quae
356 367 490 398 resultat
514 367 617 400 hodie.

213 444 219 450 .
244 420 283 451 In
304 420 399 461 justis
424 424 610 462 parentibus

245 467 332 499 Deus
358 470 525 502 seminavit

245 513 369 555 Semen,
394 525 453 555 per
477 519 562 557 quod
586 519 731 558 gentibus

247 561 353 594 Vitam
378 564 541 596 relevavit.

383 655 589 691 Responsoria.

212 746 219 752 .
247 721 309 753 Hic
333 721 432 761 stipes
458 726 512 753 est.
530 726 678 757 aeternae

245 768 290 800 Et
314 777 408 800 verae
431 770 554 811 salutis,

245 816 297 848 Ex
322 824 382 855 quo
408 818 586 856 procedunt
608 817 714 851 floridi

244 863 335 894 Rami
362 864 497 903 vii-tutia

244 909 358 950 Ibique
382 909 504 943 fructus
531 913 653 954 crescit,

244 957 282 989 In
308 966 368 997 quo
392 967 486 990 verus
510 958 594 991 filius

244 1004 306 1035 Dei
329 1005 511 1044 requiescit.

205 1078 212 1086 ,
244 1050 363 1083 Christi
389 1052 520 1084 thronus
545 1062 664 1085 summe
689 1053 788 1086 bonus

243 1098 307 1130 Hic
332 1103 458 1131 creatur
484 1102 515 1130 et
539 1100 660 1134 beatur.

208 1179 216 1186 .
245 1154 377 1188 Gemma
402 1155 586 1195 pudicitiae,

242 1201 355 1233 Semen
381 1202 536 1234 castitatis

244 1249 346 1282 Nobis
370 1250 458 1280 venit
480 1249 586 1288 hodie,

242 1297 319 1329 Flos
343 1296 545 1338 virginitatis,

244 1344 305 1376 Est
330 1344 405 1375 data
431 1343 581 1376 divinitus

245 1390 336 1422 Salus
360 1391 452 1422 nobis
476 1392 633 1429 primitus,

203 1465 209 1471 .
241 1438 363 1470 Fidelis
391 1446 459 1469 cum
484 1438 625 1478 tripudio

243 1485 392 1517 Exsultet
414 1486 461 1516 sic
483 1485 517 1516 in
542 1485 667 1524 gaudio.

353 1628 411 1659 Ad
436 1628 612 1660 Laudes,

388 1720 582 1755 Antiphonae.

207 1816 214 1823 .
244 1788 379 1820 Domum
404 1787 532 1819 Domini

287 1835 389 1867 Decet
418 1835 607 1875 sanctitudo,

239 1883 290 1915 Ex
316 1892 377 1923 qua
400 1882 493 1915 nobis
517 1882 639 1922 gratiae

284 1930 377 1962 Venit
402 1930 577 1970 plenitudo.

806 130 850 166 75

899 149 945 156 -κ

871 229 901 260 3.
928 227 990 258 Hic
1014 227 1055 260 ad
1079 226 1180 259 Deum
1205 227 1336 267 vigilent

972 274 1107 314 Erigant
1130 283 1165 306 se
1187 277 1318 313 mentes,

927 320 1078 353 Fructum
1102 320 1299 354 salutiferum

973 366 1141 400 Proferunt
1165 371 1323 407 parentes.

868 436 900 466 4.
928 434 1039 466 Omnia
1063 435 1270 474 germinantia

972 481 1142 514 Exsultent
1165 481 1233 513 Deo
1258 481 1351 522 patri,

927 527 1040 560 Semen
1065 531 1098 559 et
1120 529 1308 560 seminaritia

974 575 1066 607 Nunc
1088 576 1240 608 seminate
1265 575 1368 607 matri.

894 667 900 673 .
924 640 1062 672 Juvenes
1087 644 1119 672 et
1141 640 1278 681 virgines

972 687 1118 719 Laudent
1142 696 1252 719 nomen
1278 687 1414 730 Domini,

926 732 1061 765 Cantent
1084 737 1115 765 et
1139 735 1316 774 tripudient

973 780 1146 813 Benedicto
1172 782 1292 814 semini.

1044 893 1089 921 Ad
1108 893 1290 921 Benedictus.

887 995 894 1002 .
924 969 1024 1002 Domo
1052 970 1091 1001 de
1114 970 1220 1002 David
1243 970 1337 1002 hodie

925 1016 1096 1049 Luminare
1121 1017 1273 1048 ecclesiae

973 1063 1124 1095 Dominus
1149 1064 1309 1104 produxit,

924 1110 986 1142 Per
1011 1111 1095 1150 quod
1119 1111 1210 1142 nobis
1235 1111 1329 1142 stella
1353 1112 1437 1142 vitae

925 1156 1007 1196 Rite,
1033 1157 1147 1200 illuxit,
1175 1166 1254 1196 quae
1278 1158 1354 1189 mite

923 1202 989 1234 Nos
1015 1204 1056 1235 ad
1081 1204 1183 1235 lumen
1212 1205 1333 1243 gratiae

925 1250 973 1281 Ac
996 1251 1094 1282 solem
1116 1251 1259 1290 justitiae

969 1297 1105 1329 Miseros
1129 1298 1289 1337 perduxit.

990 1447 1036 1479 In
1063 1450 1093 1480 2.
1119 1449 1333 1488 Vesperis.

1039 1541 1086 1569 Ad
1104 1541 1281 1579 Magnificat.

884 1635 891 1641 .
921 1610 945 1643 O
970 1608 1087 1641 florens
1111 1610 1202 1650 virga
1226 1612 1344 1652 Aaron,

923 1656 1066 1688 Summus
1093 1657 1212 1688 creavit
1236 1657 1383 1689 Salomon

920 1702 965 1735 Et
989 1702 1199 1735 sanctificavit
1222 1704 1262 1736 ab
1287 1706 1415 1737 aeterno

922 1750 968 1782 Te
993 1759 1032 1782 ex
1056 1753 1146 1782 utero
1170 1753 1311 1782 materno

921 1799 1003 1830 Prae
1025 1798 1138 1829 ceteris
1163 1798 1287 1840 creatis,

921 1844 970 1877 Tu
994 1853 1120 1877 reorum
1143 1854 1220 1877 vera
1243 1846 1343 1878 tutrix

920 1891 964 1924 Et
986 1894 1177 1924 moestorum
1202 1893 1403 1935 consolatrix,

919 1939 966 1972 Tu
992 1940 1089 1972 robur
1113 1940 1252 1980 pietatis,

921 1988 1039 2027 Perpes
1064 1988 1185 2028 salutis,
1211 1988 1296 2019 vitae
1320 1988 1381 2028 via,

918 2034 1016 2074 Virgo
1040 2038 1152 2075 mater,
1178 2035 1338 2074 miserere,

918 2081 984 2114 Fac
1011 2083 1104 2123 digne
1126 2082 1289 2122 poenitere

917 2129 967 2161 Ex
991 2133 1046 2162 tua
1069 2138 1157 2162 mera
1180 2130 1294 2170 gratia.

180 1990 211 2022 2.
240 1987 394 2027 Concepit
418 1986 556 2019 fructum
581 1987 684 2028 Anna,

285 2036 379 2069 Unde
404 2035 492 2067 venit
515 2043 639 2074 manna,

234 2084 358 2115 Idcirco
384 2090 564 2114 resonemus

283 2130 490 2164 Dulcisonum
514 2130 678 2162 Hosanna.

240 2234 324 2261 Brev.
351 2242 403 2261 ms.
431 2233 499 2262 Joh.
527 2233 669 2260 Sinttram
694 2232 735 2266 (in
761 2235 855 2260 castro
882 2233 958 2261 dicto
979 2232 1156 2267 Zabelstein)
1180 2234 1249 2261 anni
1279 2230 1360 2260 1433.
1401 2231 1469 2259 Cod.

162 2272 419 2306 Claustroburgen.
442 2269 523 2299 1165.
543 2272 578 2299 A.
600 2285 631 2289 =-
655 2271 760 2298 Dium.
782 2280 834 2298 ms.
859 2271 1094 2299 Praedicatorum
1114 2280 1189 2299 saec.
1212 2269 1255 2298 15.
1296 2269 1365 2297 Cod.
1387 2269 1460 2296 Solo

161 2311 260 2339 doren.
281 2318 304 2337 s.
324 2319 352 2336 n.
374 2310 405 2336 B.
434 2325 467 2329 —-
495 2309 538 2336 In
564 2307 588 2336 1.
611 2309 713 2344 Vesp.
740 2308 786 2335 Ad
805 2308 903 2345 Magn.
926 2308 956 2342 Α,
979 2308 995 2337 6
1017 2310 1110 2337 omnis
1131 2308 1290 2336 munditiae
1309 2308 1344 2334 A.
1364 2322 1401 2326 —
1425 2307 1467 2334 In

162 2347 187 2376 1.
207 2348 311 2376 Noct.
332 2345 355 2373 Α
375 2344 402 2380 2,
425 2345 441 2373 1
460 2347 522 2374 Hic
541 2347 630 2375 solus.
651 2363 687 2367 —
709 2343 729 2371 R
750 2344 777 2381 2,
798 2346 814 2373 7
838 2347 896 2374 Hic
914 2348 1050 2383 provenit
1068 2347 1102 2373 A.
1123 2362 1153 2365 —
1176 2344 1196 2372 R
1217 2343 1244 2378 3,
1265 2344 1282 2372 9
1303 2348 1417 2382 purgat.
1432 2359 1469 2363 —

159 2387 258 2415 Hiezu
279 2386 311 2412 in
330 2384 355 2412 B
375 2384 426 2411 cler
445 2384 579 2419 Hymnus
602 2385 722 2412 Festum
744 2385 866 2420 originis
892 2386 979 2412 canat
1001 2385 1141 2412 ecclesiae
1160 2383 1258 2417 (Mune
1277 2384 1315 2416 Π,
1337 2381 1391 2419 20).
