1652 2615
741 143 998 178 —237—

218 241 257 273 V.
285 240 373 271 Almi
397 239 499 278 patris
523 240 641 278 Imerii,

291 285 488 318 Confessoris
514 287 641 326 egregii,

336 333 420 364 Dum
444 332 565 364 honore
591 334 725 369 dicatur.

230 386 262 416 2.
288 385 340 416 Ab
366 384 480 416 aetatis

336 432 459 471 primae
482 432 645 465 cunabulis

289 478 471 511 Literarum

335 526 474 557 imbutus
499 527 623 565 studiis,

289 572 356 604 Dat
380 581 415 604 se
438 572 537 603 sacris

337 622 438 651 totum
463 620 609 663 oraculis,

292 665 473 705 Voluptatis

333 713 415 744 liber
438 721 457 743 a
480 713 576 752 vitiis,

218 759 259 793 V.
288 761 401 792 Mundi
430 768 563 798 pompas

338 808 441 839 vitans
466 807 617 838 attentius

287 855 390 887 Homo
416 853 477 884 Dei

338 902 465 933 sanctus
488 901 634 934 1meriuS.

234 960 266 991 3.
292 958 411 989 Beatus
436 957 486 988 vir
510 958 653 999 Imerius,

295 1005 438 1037 Serviret
463 1006 497 1034 ut
518 1004 649 1036 liberius

341 1051 409 1083 Deo
435 1051 548 1090 majori
573 1052 647 1092 vita,

291 1099 392 1130 Maris
416 1097 450 1129 in
477 1098 612 1136 quadam
636 1099 741 1130 insula

293 1146 357 1177 Per
381 1153 534 1176 annorum
561 1145 717 1176 curricula

342 1192 430 1223 Vixit,
453 1191 648 1231 anachorita,

222 1241 261 1272 V.
293 1239 359 1272 Ubi
385 1238 489 1270 cordis
515 1238 547 1268 in
572 1238 687 1278 gaudio

292 1286 447 1326 Angelico
471 1285 613 1325 tripudio

339 1330 533 1364 Proficiebat
556 1331 611 1363 ita.

354 1408 400 1439 In
427 1408 459 1440 2.
487 1406 545 1438 No
557 1409 717 1439 cturno.

438 1466 633 1502 Anfiphonae.

240 1517 257 1549 1
264 1543 271 1550 .
296 1517 432 1549 Imerius
457 1523 521 1546 rem
548 1515 677 1555 nomini,

346 1562 438 1601 Quod
459 1571 559 1601 purus
583 1563 782 1602 explanatur,

298 1611 439 1649 Jungens
462 1609 595 1641 antistes
619 1609 748 1641 Domini

343 1658 428 1689 Pure
449 1657 704 1689 conversabatur.

237 1716 268 1746 2.
294 1712 454 1753 Quidquid
479 1712 598 1744 habere
621 1713 727 1751 potuit

344 1760 509 1792 Humanae
534 1758 705 1800 facultatis,

295 1806 494 1847 Pauperibus
521 1807 685 1838 distribuit

341 1856 476 1887 Amator
500 1854 708 1894 paupertatis.

239 1914 272 1948 3.
299 1913 337 1944 In
357 1910 566 1951 praedicandi
591 1911 694 1952 gratia

343 1959 402 1992 Vir
427 1961 556 1991 sanctus
583 1959 749 1996 eminebat,

298 2007 396 2046 Quem
421 2005 521 2038 virtus
549 2009 579 2038 et
604 2006 737 2038 scientia

342 2053 525 2087 Perfectum
551 2053 731 2087 exhibebat.

430 2119 639 2151 Responsoria.

237 2172 268 2202 1.
295 2169 452 2202 Utebatur

342 2216 462 2257 agresti
485 2216 603 2255 pabulo

297 2263 353 2294 Vir
377 2262 503 2294 futurus

342 2313 453 2350 pastor
475 2310 509 2341 in
534 2311 664 2350 populo,

298 2356 473 2391 Crucifixus
685 2354 694 2357 “

346 2405 469 2444 impuro
500 2406 627 2438 saeculo

967 239 1158 272 cohaereret

1013 288 1050 317 ut
1074 283 1199 316 Christo
1224 282 1344 315 sedulo.

898 333 934 366 V.
966 331 1102 366 Caelesti
1127 330 1231 361 curiae

1012 378 1100 419 jungi
1125 377 1307 416 promeruit,

969 427 1027 465 Qui
1053 424 1156 457 carnis
1181 424 1301 463 gloriae

1013 472 1122 505 florem
1147 471 1278 502 exaruit.

912 532 940 564 2.
968 531 1132 569 Ingressus
1156 527 1266 558 urbem
1290 526 1431 563 Meliam,

970 577 1031 608 Suo
1060 577 1188 615 pastore
1209 575 1347 612 viduam,

1016 623 1098 654 Dum
1121 621 1268 660 precibus
1292 621 1438 657 instatur,

970 669 1061 702 Plebi
1085 676 1143 709 per
1166 668 1227 699 Dei
1251 668 1385 707 gratiam

969 717 1090 756 Dignus
1115 714 1157 746 ad
1181 723 1303 746 sacram
1327 713 1459 745 infulam

1017 764 1074 795 Vir
1094 764 1221 793 sanctus
1245 761 1422 799 revelaturj.

900 811 937 843 V.
967 811 1020 842 Sic
1042 811 1075 841 in
1103 810 1193 841 domo
1220 807 1340 847 deifica,

972 857 1098 890 Cunctis
1122 859 1158 886 ut
1181 856 1224 886 sit
1241 854 1367 886 lucifica

1019 904 1173 941 Lucerna,
1199 901 1394 934 sublimatur.

914 962 945 992 3.
971 960 1101 992 Transit
1123 958 1250 989 tandem

1018 1010 1127 1045 pastor
1155 1005 1197 1036 ad
1221 1013 1338 1044 pascua

975 1053 1085 1085 Carnis
1109 1054 1210 1083 morte

1020 1099 1099 1130 caeli
1125 1098 1303 1137 conspicua.

972 1147 992 1179 J
995 1155 1049 1177 esu
1073 1145 1135 1185 pie,

1018 1201 1076 1224 nos
1099 1200 1157 1230 per
1182 1191 1329 1223 Imerium

973 1240 1013 1271 In
1037 1238 1173 1270 caeleste

1024 1286 1085 1317 duc
1109 1284 1330 1323 refectorium3

904 1334 943 1366 V.
974 1334 1021 1365 Te
1046 1332 1174 1373 cupivit,

1024 1379 1145 1420 dilexit,
1174 1378 1291 1419 docuit,

977 1427 1084 1459 Prosit
1106 1425 1207 1464 nobis,

1021 1477 1058 1505 ut
1080 1473 1140 1505 tibi
1162 1472 1291 1512 placuit.

1034 1570 1082 1601 In
1107 1569 1138 1601 3.
1163 1567 1394 1600 Nooturno.

1121 1641 1230 1677 Aniiph
1234 1650 1314 1669 onae.

920 1703 950 1734 1.
979 1699 1176 1733 Condolebat
1203 1701 1295 1737 pater

1019 1746 1142 1780 Pressis
1167 1746 1320 1785 pauperie

975 1795 1066 1827 Sicut
1088 1793 1144 1834 pia
1166 1795 1268 1824 mater

1022 1841 1099 1874 Nati
1124 1840 1281 1872 misen'ae.

918 1902 951 1933 2.
977 1899 1149 1931 Revelatur
1173 1899 1282 1928 sancto

1022 1946 1138 1978 Divino
1161 1944 1277 1983 spiritu

976 1993 1074 2035 Hora,
1102 2000 1163 2031 qua
1189 1992 1228 2023 de
1248 1991 1365 2023 mundo

1025 2039 1179 2081 Migravit
1204 2039 1300 2071 obitu.

920 2101 950 2132 3.
979 2098 1071 2131 Circa
1101 2096 1296 2136 congregatis

1023 2146 1188 2178 Pastorem
1214 2143 1325 2176 ovibus

979 2193 1068 2226 Caeli
1093 2200 1162 2223 cum
1187 2191 1288 2222 beatis

1026 2238 1218 2277 Triumphat.
1240 2237 1373 2269 civibus.

1119 2303 1325 2338 Responsoria.

911 2357 942 2390 1.
969 2356 993 2388 O
1019 2363 1085 2386 rem
1112 2352 1248 2391 dignam,
1275 2360 1367 2390 quam
1393 2350 1499 2382 fecisti

1030 2399 1146 2438 Sacris,
1172 2398 1278 2437 Imeri,
1304 2398 1462 2438 laudibus,
