1652 2615
703 144 957 178 —190—

257 236 416 275 Paulaque
440 238 515 267 tunc
538 246 649 268 navem
858 239 895 270 V.
927 238 1010 270 Sana
1034 239 1070 271 fit
1092 240 1149 271 illa
1172 241 1267 280 patri,

300 282 449 314 viderunt
470 282 518 313 ire
541 287 695 323 paratam,
974 284 1079 317 fuerat
1103 295 1182 325 quae
1203 287 1354 319 daemone
1369 286 1475 326 piena,

257 329 401 360 Pondera
425 329 577 367 permissa
928 331 1022 371 Filia,
1048 333 1206 364 laetantur

305 375 422 406 donant
444 374 477 405 in
500 375 594 406 litore
616 378 740 409 nautae.
974 379 1098 417 genitor
1110 378 1202 409 simul
1215 381 1309 417 atque
1318 379 1475 411 videntes.

218 446 225 452 ·
257 421 391 460 Virginis
415 420 448 450 1¹1
472 421 606 459 pedibus
871 429 903 464 2.
929 429 1110 468 Virgineum
1137 437 1251 468 eorpus

303 466 454 505 prostrati
478 475 554 497 voce
577 468 720 510 benigna,
974 475 1145 513 portabant
1168 475 1305 515 virgines
1329 476 1430 507 almae

257 512 395 552 Suscipe,
426 512 478 550 qui
503 516 640 553 portant,
928 521 1006 552 Tres
1030 521 1122 552 simui
1146 522 1221 552 inde
1246 530 1360 564 secum,

301 562 333 589 te
357 560 502 597 Clamant,
529 560 616 599 Virgo
641 560 745 592 beata·
973 567 1197 599 monachorum
1221 568 1318 600 vestis
1341 569 1477 600 adornat,

224 640 228 646 .
255 614 338 645 Dum
360 622 449 645 mare
471 616 660 647 transissent
926 615 1018 653 ipsas
1043 617 1075 646 et
1095 623 1222 653 passum

305 669 372 691 cum
399 668 531 699 corpore
554 662 685 702 virginis
702 663 803 694 almae
974 663 1050 693 tune
1059 660 1216 693 Christum
1229 661 1474 701 magnificabant

257 707 401 746 Virgines
427 709 459 737 et
481 708 591 750 Bassa,
929 708 1099 747 Pergentes
1124 708 1226 747 simul,

303 754 419 792 puppis
446 752 505 783 fuit
529 754 587 787 illa
612 755 736 795 repleta
976 755 1029 793 qui
1052 756 1163 793 regnat
1186 755 1287 785 trinus
1313 757 1343 785 et
1367 763 1456 788 unus,

258 799 404 838 Corporis
428 799 510 830 illati
858 800 896 833 V.
926 800 967 831 Et
993 802 1081 840 quasi
1106 800 1260 832 laetantes

303 846 394 876 simul
420 848 451 875 et
470 849 633 884 portantes
658 847 755 879 odore
976 847 1146 886 portabant
1169 847 1262 878 litore
1288 856 1401 886 corpus

256 891 402 931 Mirifico,
429 891 549 923 Siculas
929 893 1066 933 Virginis
1092 896 1123 923 et,
1143 902 1261 924 summo

306 938 466 977 deponunt
490 947 603 977 corpus
628 940 669 971 ad
695 948 777 971 oras.
978 939 1111 972 dicendo
1136 940 1237 979 gloria
1263 939 1397 972 Christo.

219 1007 224 1012 -
255 985 393 1023 Angelus
418 993 572 1023 apparens
874 992 904 1023 3.
933 990 1043 1022 Gloria
1067 990 1110 1022 sit
1136 990 1260 1022 christo
1285 994 1316 1022 et

304 1030 430 1061 Domini
465 1039 533 1061 cum
558 1031 697 1062 vestibus
722 1030 802 1063 albis
978 1037 1073 1068 decus
1096 1037 1259 1076 utriusque
1283 1038 1441 1076 perennis,

260 1075 463 1108 Custodiebat
486 1085 548 1115 eas,
929 1084 1068 1122 Virginis
1092 1082 1232 1114 infirmos

305 1123 389 1153 loeus
413 1122 469 1153 ille
492 1123 631 1161 repletus
656 1124 762 1156 odore.
977 1131 1123 1168 precibus
1152 1130 1205 1168 qui
1229 1132 1318 1161 curat
1345 1130 1477 1161 honeste

929 1176 1122 1215 Devotisque
1147 1176 1239 1207 simul

316 1215 361 1246 In
387 1216 419 1245 2·
444 1213 471 1245 N
489 1217 633 1246 oeturn
647 1224 674 1247 0-
976 1224 1116 1260 praestat
1141 1222 1279 1253 salubria
1304 1231 1454 1263 quaeque,

399 1277 590 1312 Antiphonae.
929 1269 1023 1301 Unde
1047 1268 1114 1300 Deo
1139 1277 1214 1300 vero

977 1315 1143 1346 clamemus
1167 1323 1243 1346 voce
1268 1324 1389 1355 serena,

856 1361 894 1392 V.
924 1361 967 1393 Ut
993 1364 1136 1392 cunctum
1159 1362 1309 1400 populum

969 1410 1070 1439 salvet
1096 1416 1178 1438 nunc
1202 1408 1290 1447 virgo
1315 1408 1419 1446 beata,

927 1454 1115 1493 Agrippina,
1141 1453 1202 1484 Dei

974 1503 1104 1539 martyr,
1139 1501 1258 1532 cunetis
1283 1501 1476 1533 veneranda.

226 1359 231 1365 .
257 1333 420 1372 iirginum
444 1334 499 1364 ille
524 1334 635 1366 chorus

304 1380 410 1411 divina
432 1380 527 1411 laude
550 1389 689 1423 sonorus,

257 1426 362 1465 Virgo,
388 1430 420 1457 te
444 1427 585 1466 sumpsit,

303 1473 354 1510 qui
379 1475 491 1511 regnat
506 1473 548 1504 ad
564 1473 628 1505 alta
644 1475 798 1513 polorum.

224 1551 230 1557 .
257 1527 415 1565 Angelicis
440 1528 541 1558 turbis

304 1582 394 1605 sacra
420 1574 505 1613 virgo
536 1576 719 1615 consociata,
989 1574 1035 1605 In
1061 1576 1091 1607 3.
1119 1574 1347 1608 Nocturno.

259 1618 367 1650 Gloria
393 1620 535 1651 caelestis
1078 1628 1270 1664 Antiphonae.

303 1666 418 1697 retinet
442 1669 474 1696 te
500 1667 607 1698 dedita
632 1666 730 1699 festis.
873 1676 903 1707 1,
930 1676 1026 1716 Urgo
1053 1678 1168 1709 decora
1191 1677 1294 1717 nimis,

223 1747 229 1753 .
255 1720 328 1759 Ipsa
351 1722 413 1752 tuis
438 1722 557 1752 meritis
976 1723 1163 1765 Agrippina,
1190 1726 1222 1754 et
1244 1727 1346 1755 morte
1370 1724 1475 1764 beata,

301 1776 384 1798 nuno
408 1765 509 1807 fulges
530 1769 570 1800 ad
589 1769 717 1801 aethera
733 1778 801 1801 sur·
929 1769 1041 1801 Funde
1063 1777 1173 1809 preces
1198 1769 1323 1802 Christo

577 1824 654 1857 sum,
977 1816 1149 1856 virginibus
1174 1817 1338 1849 associata.

255 1859 431 1891 Poenarum
456 1861 571 1892 mundO
870 1873 901 1903 2.
929 1871 1075 1903 salvetur
1099 1875 1228 1903 cunctus

298 1905 442 1939 faciendo
467 1907 586 1939 tradita
611 1916 746 1941 cursum.
974 1919 1109 1958 populus
1119 1927 1188 1949 cum
1201 1920 1324 1959 agmine
1333 1921 1471 1960 junctuS,

386 1980 592 2014 Responsoria.
924 1964 1065 1996 Devotus
1089 1965 1226 2007 Christo,

220 2061 226 2067 Π
254 2036 390 2075 pergere
414 2038 569 2068 tentantes
972 2012 1088 2043 mundo
1116 2012 1190 2043 dum
1214 2013 1294 2044 vivit
1320 2013 1352 2044 in
1378 2014 1450 2046 isto.

301 2082 413 2114 ductae
437 2091 494 2120 per
517 2083 612 2114 litora
635 2087 727 2115 nocte
868 2068 899 2099 3·
925 2067 1118 2099 vnlneribus
1143 2068 1216 2107 ‘mis’

251 2128 412 2168 Angencis
437 2129 538 2160 turbis
971 2122 1056 2166 quae.
1075 2114 1162 2166 virgo
1189 2124 1288 2153 passa
1313 2114 1413 2155 fuisti,

299 2175 576 2207 concomitantibus
601 2177 680 2215 ipsis
920 2161 1100 2200 Agmlmma
1124 2169 1207 2214 ΡΜ),
1245 2208 1251 2214 ,

250 2221 394 2261 Virgines
418 2222 459 2253 ad
483 2222 584 2253 locum
972 2207 1077 2239 deleas
1102 2208 1138 2238 tu
1163 2216 1298 2240 crimina
1319 2212 1439 2241 nostra.

297 2271 450 2300 venerunt
480 2270 605 2301 nomine
630 2269 793 2311 Graecum,
1061 2272 1269 2306 Responsoria.

254 2315 375 2355 Corpus
401 2316 580 2347 conclusum
870 2319 899 2350 1.
925 2319 1068 2359 Virginis
1093 2319 1135 2350 ad
1162 2328 1274 2360 corpus

298 2365 458 2401 portantes
483 2363 613 2403 virginis
637 2363 747 2399 almae.
973 2366 1140 2398 veniebant
1165 2367 1303 2408 virgines
1328 2370 1431 2402 almae
