1652 2615
641 275 677 306 72

329 369 374 400 In
402 368 431 400 1.
460 366 670 404 vesperis,

375 431 419 457 Ad
438 428 616 465 Magnificat.

191 491 229 522 A.
263 488 409 528 Angelici

303 534 420 566 secreti
443 533 585 565 conscius

260 582 389 613 Romam
414 580 502 612 venit

305 630 431 659 sanctus
456 626 602 665 Evasius,

255 675 318 707 Hic
342 676 503 713 assumpto

305 720 443 760 pastoris
467 719 580 751 baculo

261 767 390 800 Praesul
417 767 509 798 datur

306 814 436 845 Astensi
460 814 587 852 populo.

315 898 360 929 In
396 898 425 929 1.
453 896 678 929 Nocturno.

402 960 596 995 Antiphonae.

205 1010 235 1041 1.
262 1009 395 1041 Sanctus
420 1008 556 1040 Evasius

306 1057 412 1086 aetate
434 1058 547 1086 tenera

262 1101 375 1133 cordis
399 1104 505 1132 votum

308 1147 392 1179 vexit
418 1148 459 1179 ad
483 1156 609 1189 supera,

261 1193 440 1233 Disciplina

308 1241 458 1271 virtutum
485 1239 618 1270 celebris

261 1285 416 1318 Mundum
441 1286 562 1325 sprevit

309 1333 437 1370 plenum
461 1332 632 1365 illecebris.

207 1389 237 1420 2.
265 1387 329 1420 Sub
354 1388 459 1419 modio

305 1435 411 1466 lumen
435 1444 496 1466 non
521 1435 625 1476 latuit,

265 1481 328 1512 Sed
352 1482 483 1512 lucerna

308 1528 416 1558 lucens
441 1527 562 1570 enituit,

262 1574 442 1607 intonando

309 1620 415 1652 tubam
439 1620 657 1660 propheticam

263 1667 382 1699 Multos
406 1667 508 1698 traxit,

307 1715 348 1745 ad
373 1712 468 1745 fidem
492 1714 621 1745 deicam.

205 1773 236 1805 3.
263 1769 414 1803 Caritatis

305 1817 483 1855 spargendo
510 1817 629 1848 semina

260 1864 467 1895 Peccatoruni

305 1909 444 1941 vellebat
467 1911 619 1951 germina,

260 1956 412 1988 Justitiae

308 2005 434 2034 secutus
460 2004 618 2035 tramitem

262 2049 476 2082 Praedicabat

308 2097 461 2128 virtutum
485 2095 636 2128 fomitem.

401 2171 608 2206 Respousoria*

207 2220 236 2252 1.
266 2218 340 2251 Cum
367 2217 497 2250 floreret

306 2268 433 2297 sauctus
458 2266 619 2298 miraculis

260 2313 354 2345 Facti
379 2311 461 2345 fama

307 2360 408 2393 crevit
432 2361 463 2392 in
489 2361 626 2400 populiS,

711 129 963 162 —212—

680 298 686 304 .
714 275 754 306 De
774 274 879 304 saneto
899 271 1021 303 Evasio.

873 736 893 766 [ὑ

932 360 1014 392 Nam
1043 370 1062 391 a
1086 362 1208 397 septem

978 406 1066 445 virgo
1093 405 1298 436 daemonibus

931 452 1105 484 Liberatur

976 499 1077 538 ipsius
1102 497 1261 537 precibus.

933 556 1095 596 Quoniam
1127 564 1235 587 omnes
1269 554 1315 586 dii
1338 554 1481 595 §amium

932 602 1122 643 daemonia,
1165 601 1329 634 Dominus
1373 603 1482 633 autem

933 649 1035 681 caelos
1059 649 1143 689 fecit.

898 761 905 767 .
931 734 1091 773 Eugenius

979 789 1148 819 percussor
1172 781 1299 812 nomine

933 828 1042 867 Longa
1053 828 1163 866 jacens

978 874 1011 905 in
1036 873 1244 914 aegritudine,

930 920 1112 960 Baptizanti

981 967 1113 999 credens
1140 968 1212 999 dum
1237 967 1359 1005 resipit,

934 1014 1107 1046 Sanitatem

979 1061 1189 1092 membrorum
1216 1060 1339 1099 recipit.

895 1142 902 1148 .
930 1117 974 1148 In
1005 1116 1136 1149 ‘nomine
1162 1117 1271 1156 patris
1304 1119 1332 1148 et
1363 1116 1427 1157 filit
1451 1120 1480 1149 σέ

931 1163 1064 1204 spiritus
1088 1163 1203 1196 saneti.

901 1272 907 1279 .
936 1249 996 1281 Per
1020 1248 1181 1279 Romanae

979 1295 1065 1326 sedis
1089 1293 1270 1333 pontificem

934 1342 1136 1373 Praesulatus

982 1388 1168 1419 conscendit
1191 1388 1323 1429 apicem,

935 1435 1029 1466 Hunc
1051 1436 1199 1466 Astensis

983 1481 1079 1520 elegit
1103 1481 1225 1519 civitas,

935 1529 973 1560 In
999 1536 1059 1566 quo
1085 1530 1221 1559 vernant

982 1573 1073 1612 fides,
1099 1583 1183 1617 spes,
1212 1575 1345 1613 caritas3

933 1630 1059 1662 Fidelis
1106 1639 1214 1662 servus
1264 1634 1292 1663 et
1324 1630 1483 1671 prudens,

937 1686 1030 1717 quem
1042 1677 1204 1709 coustituit
1216 1677 1381 1710 Dominus
1389 1687 1486 1718 super

935 1723 1101 1763 familiam
1123 1733 1228 1756 suam.

995 1866 1040 1896 In
1066 1867 1097 1897 2.
1122 1864 1352 1898 Nocturno.

1077 1957 1274 1992 Antiphonae.

901 2058 908 2065 .
935 2031 1119 2065 Indefessus

981 2080 1015 2110 in
1042 2088 1117 2112 cura
1140 2090 1315 2120 pauperum

939 2127 1028 2159 Pium
1052 2127 1152 2166 lapsis

982 2174 1159 2213 praebebat
1180 2176 1357 2218 humerum,

937 2221 1085 2260 Apostoli

986 2269 1209 2301 commendans
1234 2279 1334 2310 opera

940 2315 1085 2348 Aliorum

986 2363 1137 2401 portabat
1160 2372 1266 2399 onera.
