1652 2615
739 123 994 157 —lol—

286 214 386 246 Verso
408 214 487 247 fletu
508 217 543 247 in
568 217 717 257 gaudium

284 260 453 294 Discantat
476 263 672 304 horologium

334 308 509 341 Consonam
533 311 712 343 melodiam.

226 364 258 397 4.
286 364 489 405 Semigaudet
512 376 681 407 puerpera,

284 412 368 443 Dum
393 414 520 445 scandit
543 423 639 454 super
663 414 770 446 sidera

332 459 444 499 Natus,
471 469 562 500 quem
590 462 755 500 dilexerat,

284 507 360 539 Plus
386 516 480 546 quam
506 511 613 540 creata
637 511 742 540 cetera

282 553 327 585 Et
355 555 402 585 sic
425 557 533 586 manet
555 559 592 588 ut
615 555 740 595 misera,

331 600 414 633 Nam
439 602 537 635 vitam
562 603 720 634 amiserat.

224 657 257 688 5.
283 656 386 698 Super
411 658 534 689 caelum
558 666 742 698 empyreum

283 705 336 736 Ad
360 704 444 736 latus
469 705 537 736 nati
559 706 707 737 melleum

332 751 459 783 Gaudet
480 755 583 784 mater
607 752 720 794 locata,

286 798 347 831 Ubi
373 801 498 830 secreta
523 799 631 831 divina

282 846 403 878 Videns
427 849 556 885 praeest
579 849 613 877 ut
636 846 746 885 regina

329 894 360 924 A
386 893 506 924 dextris
533 895 691 926 coronata.

401 967 446 995 Ad
468 968 650 995 Benedictus.

210 1026 250 1057 A.
281 1025 432 1057 Mirabile
456 1026 641 1065 mysterium

330 1072 407 1104 Cum
432 1073 547 1112 gaudio
574 1073 770 1110 decantatur,

283 1119 362 1152 Cum
385 1120 497 1153 salutis
524 1119 743 1151 commercium

329 1167 367 1198 In
392 1167 515 1206 virgine
541 1166 730 1207 declaratur,

284 1213 415 1252 Quando
442 1216 566 1245 creator
591 1212 727 1245 omnium

327 1260 460 1293 Carnem
484 1261 652 1292 humanam
675 1259 780 1291 induit

281 1308 324 1340 Et
348 1310 422 1347 post
445 1309 597 1347 temporis
622 1307 790 1339 terminum

326 1355 485 1395 Fragilem
510 1363 545 1386 se
570 1353 712 1386 exhibuit
721 1365 729 1392 3

279 1402 341 1441 Qui
363 1403 463 1433 traxit
486 1411 593 1442 magos
619 1409 677 1441 per
694 1401 830 1441 stellam,

327 1449 385 1488 Qui
410 1458 542 1481 munera
566 1448 758 1490 obtulerunt,

966 219 1043 251 Cum
1066 219 1255 250 invenerunt
1277 218 1427 258 puellam,

1012 266 1087 298 Cum
1112 268 1220 297 natum
1244 265 1466 305 adoraverunt,

965 313 1024 352 Qui
1047 312 1197 352 spoliavit
1219 310 1378 344 infernum

1010 360 1054 392 Et
1077 361 1150 400 post
1173 359 1317 390 ascendit
1340 360 1382 391 ad
1407 362 1502 398 astra,

965 406 1010 440 Ut
1034 408 1123 439 daret
1147 415 1258 438 munus
1282 415 1462 450 supernum,

1012 455 1077 493 Quo
1098 456 1255 484 sterneret
1269 454 1379 485 mundi
1397 456 1511 493 castra,

964 501 1009 533 Et
1031 504 1104 540 post
1125 503 1258 532 matrem
1281 501 1443 532 coronavit

1012 548 1155 581 Omnium
1179 548 1422 587 imperatricem,

965 596 1026 627 Per
1043 594 1126 634 quod
1142 595 1258 627 mundo
1280 603 1369 634 spem
1385 595 1515 627 donavit

1010 642 1090 674 Esse
1114 642 1233 673 cunctis
1258 642 1456 681 adjutricem.

1031 756 1077 788 111
1104 756 1135 786 2.
1163 754 1375 794 Vesperis.

1076 828 1121 856 Ad
1141 827 1319 864 Magnificat.

963 886 1070 918 Mater
1093 885 1155 916 Dei
1182 886 1328 925 gloriosa,

964 934 1071 973 Virgo,
1097 941 1170 964 rosa
1189 933 1342 972 speciosa,

960 981 1053 1012 Licet
1078 979 1160 1011 vires
1181 988 1240 1018 pro
1265 982 1389 1010 tuorum

960 1027 1118 1058 Memoria
1141 1026 1325 1066 gaudiorum

962 1073 1115 1113 Propriae
1139 1082 1200 1104 non
1226 1071 1385 1104 sufficiant

963 1119 1027 1151 Sed
1050 1119 1177 1159 penitus
1204 1119 1362 1160 deficiant,

962 1167 1051 1198 Tuae
1074 1169 1179 1198 tamen
1201 1167 1243 1198 ad
1267 1167 1411 1198 decorem

962 1212 1145 1245 Sanctitatis
1171 1215 1203 1243 et
1226 1213 1377 1245 honorem

960 1261 1036 1299 1sz
1062 1261 1115 1300 pie
1136 1260 1303 1291 recolimus

961 1307 1085 1339 Gaudia
1107 1309 1201 1346 teque
1225 1308 1392 1350 poscimus,

961 1354 1065 1386 Pulsis
1089 1356 1126 1384 ut
1150 1352 1343 1386 facinoribus

961 1401 1154 1433 Gaudiorum
1180 1401 1352 1433 honoribus

961 1448 1147 1480 Caelestium
1171 1449 1370 1489 gaudeamus.

280 1515 364 1542 Brev.
385 1515 583 1542 Noviomense
607 1516 675 1549 imp.
696 1513 820 1541 Parisiis
851 1511 932 1541 1515.
959 1527 993 1531 —
1014 1513 1054 1540 In
1073 1513 1182 1540 Laud.
1205 1511 1227 1539 Α
1247 1512 1274 1547 4,
1294 1512 1315 1541 4
1331 1514 1428 1541 fehlen
1448 1514 1511 1541 drei

204 1552 320 1587 Silben3
347 1555 445 1579 creata
465 1553 592 1588 ergiinzt.
615 1566 649 1571 -
671 1552 729 1579 Die*
747 1552 886 1587 Hymnen
906 1551 988 1579 siche
1006 1551 1090 1578 Anal.
1110 1550 1193 1586 XHI,
1217 1552 1268 1579 Nr.
1291 1550 1344 1579 111
1364 1552 1424 1579 und
1447 1550 1509 1579 112.

1086 1588 1111 1611 Υ

602 1699 648 1731 53.
678 1699 721 1729 De
741 1699 861 1738 septem
882 1698 1007 1730 Gaudiis
1027 1698 1115 1730 BMV.

342 1789 389 1821 In
414 1789 446 1821 1.
473 1787 689 1828 Vesperis.

422 1872 531 1908 Antiph
535 1881 617 1900 onae.

219 1933 250 1965 1.
278 1931 390 1964 Gaude
414 1931 503 1971 virgo
528 1939 613 1963 nunc
636 1929 742 1963 Maria

273 1980 323 2012 De
346 1979 448 2019 stirpe
472 1981 548 2012 nata
572 1978 669 2019 regia,

275 2027 362 2066 Quae
383 2035 442 2067 per
465 2035 572 2060 aurem
595 2025 779 2065 concepisti,

272 2075 397 2115 Angelo
425 2075 497 2107 dum
524 2073 701 2113 credidisti,

322 2122 537 2162 Supernorum
563 2121 742 2154 Dominum.

214 2191 246 2222 2.
275 2189 397 2227 Gaude,
424 2188 513 2229 virgo
537 2196 700 2230 generosa,

272 2236 356 2268 Nam
380 2239 483 2270 mater
507 2245 539 2268 es
563 2236 709 2276 speciosa

272 2283 344 2327 Dei,
372 2284 425 2323 qui
451 2284 491 2316 de
515 2286 548 2315 te
573 2282 723 2326 nascitur,

272 2330 342 2362 Nec
365 2331 454 2366 alvus
479 2334 551 2366 tuus
576 2329 715 2363 laeditur

318 2379 357 2411 In
380 2379 536 2418 pariendo
563 2378 732 2413 Christum,

258 2439 382 2465 Dreves,
396 2438 518 2462 Historiae
531 2438 687 2468 rhythmicae.
710 2436 749 2460 lv.

901 1790 931 1821 3.

898 2037 930 2069 4.

960 1787 1080 1831 Gaude,
1107 1787 1191 1827 quod
1215 1787 1254 1819 ab
1280 1788 1402 1819 oriente

958 1835 1046 1875 Magi
1070 1837 1222 1867 venerunt
1248 1838 1388 1875 repente,

957 1882 1074 1914 Natum
1098 1884 1185 1913 tuum
1209 1883 1389 1923 adorantes,

956 1931 1086 1974 Aurum,
1102 1929 1185 1968 thus,
1198 1930 1361 1969 myrrham
1369 1929 1508 1963 ferentes

1002 1977 1195 2018 Angelorum
1221 1977 1367 2012 Domino.

959 2035 1079 2078 Gaude,
1111 2035 1194 2074 quod
1220 2037 1268 2067 est
1290 2038 1502 2075 praesentatus

957 2083 1019 2114 Per
1043 2086 1085 2123 te,
1110 2082 1209 2122 virgo,
1236 2085 1308 2115 tuus
1331 2086 1424 2115 natus

955 2130 994 2162 In
1019 2130 1148 2170 templo,
1173 2129 1300 2163 Simeon
1326 2133 1430 2171 gratus

959 2177 1156 2218 Christoque,
1184 2186 1275 2217 quem
1302 2179 1500 2218 amplexatus

1002 2226 1064 2257 Est
1089 2233 1157 2257 cum
1185 2226 1289 2257 cordis
1311 2226 1424 2265 jubilo.

954 2283 1077 2326 Gaude,
1104 2282 1188 2321 quod
1207 2282 1351 2315 Christus
1370 2283 1508 2315 surrexit

954 2331 1004 2363 De
1027 2331 1138 2369 morte,
1169 2329 1222 2368 qui
1247 2332 1277 2360 et
1302 2330 1443 2369 protexit

955 2379 1037 2411 Oves
1062 2385 1146 2416 suaS,
1173 2385 1250 2416 quas
1277 2377 1399 2418 dilexit,

1296 2430 1332 2460 11
