1652 2615
723 140 978 174 —2-26—

608 230 654 259 77.
687 230 728 261 De
747 236 773 259 s.
795 229 932 261 Gir-idone
952 231 1096 269 Aquensi.

341 300 386 331 In
415 299 444 331 1.
471 299 683 336 VesperiS.

385 382 477 415 Super
497 380 637 408 Psalmos.

204 449 244 480 A.
277 448 409 480 Sanctus
435 446 547 486 Guido,

326 494 419 525 decus
444 493 647 532 Aquensium,

273 539 399 571 Transit
424 537 499 570 felix

319 587 359 618 ad
386 586 464 616 caeli
488 587 610 625 solium,

277 632 370 671 Cujus
394 640 489 670 prece

320 680 424 710 coetus
449 677 587 711 fidelium

273 725 391 758 Summi
416 726 498 764 regis

319 773 416 804 intret
438 772 471 803 in
497 771 655 812 gaudium.

204 847 241 880 R.
274 847 414 888 Regnum
437 847 547 878 mundi
572 855 792 886 supergressus

319 894 362 925 Et
388 894 453 932 eJ'us
479 894 631 931 ornatum,

270 940 410 980 Regnum
436 939 513 970 caeli
533 940 598 978 J'am
621 940 781 980 ingressus

321 986 389 1017 Sibi
411 988 645 1026 praeparatum,

273 1032 405 1064 Nostros
430 1032 471 1063 ad
496 1041 531 1063 se
554 1035 643 1072 regat
666 1042 790 1073 gressus

318 1079 394 1110 Post
417 1079 500 1109 hunc
523 1079 710 1119 incolatum3

202 1126 240 1158 V.
274 1126 409 1165 Peregre
433 1125 532 1157 Jacob
559 1133 700 1163 egressus

318 1172 422 1203 Patris
447 1172 489 1202 ad
512 1171 694 1203 mandatum

272 1219 364 1250 Vidit
385 1217 496 1257 Deum,
523 1219 569 1249 sic
592 1217 752 1256 professus

318 1265 410 1295 Vitae
435 1264 629 1296 caelibatum.

390 1364 434 1391 Ad
452 1364 628 1401 Magnificat.

201 1431 240 1461 A.
270 1429 451 1470 Magnificat

319 1479 407 1517 gesta
433 1478 606 1509 clarissima

274 1523 381 1555 Sancti
407 1523 559 1556 Gnidonis

320 1570 424 1602 divino
450 1570 547 1603 cultui

273 1616 426 1648 Devotum
452 1617 546 1648 hodie

316 1671 465 1702 praesens
491 1664 664 1703 collegium,

272 1709 365 1749 Cujus
390 1712 499 1741 sancta

319 1757 499 1788 conscendit
523 1756 627 1789 anima

272 1801 334 1834 Sub
358 1801 421 1834 fine
445 1801 530 1834 felici

318 1849 407 1889 regni
430 1850 575 1889 perpetui

271 1896 346 1928 Cum
371 1897 486 1927 sanctis
511 1897 635 1935 patriae

317 1942 450 1974 sublime
470 1943 590 1975 solium.

333 2082 361 2112 A
374 2081 393 2112 d
418 2081 679 2114 Matutinum.

403 2163 614 2191 Invitatorium.

266 2230 384 2270 Regem
410 2232 635 2270 sempiternum
660 2234 767 2272 pronis

314 2277 468 2309 mentibus
494 2279 670 2320 adoremus,

270 2324 324 2362 Qui
341 2326 469 2357 aeterna
482 2328 624 2360 sanctum
639 2326 814 2359 Guidonem

319 2373 479 2404 coronavit
504 2373 612 2413 gloria.

1004 300 1051 331 In
1080 302 1111 333 2.
1137 300 1364 335 Nocturno.

1082 383 1289 417 Responsoria.

889 447 919 478 1.
945 446 1042 477 Amas
1067 447 1234 487 Christum,
1263 448 1376 489 Gufflo,

947 493 1042 531 Quen]
1070 493 1146 525 colis
1170 496 1237 525 tota
1260 496 1374 536 mente,

942 539 1098 571 Mundum
1122 539 1216 571 istum
1242 541 1384 582 horrens,

942 586 1030 617 Labe
1056 594 1176 626 carens,
1202 587 1269 619 Deo
1292 587 1449 628 trahente,

942 633 1059 665 Forma
1077 634 1190 675 gregis,
1218 633 1357 666 moribus

940 679 983 710 Et
1007 680 1157 712 virtutum
1183 681 1305 713 actibus

942 725 1076 769 Fulges3

942 772 1038 811 Quem
1061 774 1240 805 honestavit
1265 774 1404 813 castitas,

942 819 1139 851 Illuminavit
1163 821 1280 852 veritas

941 866 985 897 Et
1005 865 1211 899 inflammavit
1235 868 1366 908 caritas3

871 913 908 946 V.
938 913 1063 944 Annulo
1089 922 1179 945 sacro
1204 914 1344 954 signatus
1370 921 1418 946 est

940 959 983 990 Et
1008 960 1125 992 virtute
1150 959 1225 992 fidei
1248 960 1391 994 firmatus
1417 966 1474 997 est.

882 1036 913 1068 2.
941 1033 1055 1065 Sancte
1081 1034 1184 1067 Guido
1209 1036 1359 1077 pretiose,

986 1082 1111 1119 praesul
1136 1080 1326 1121 beatissime,

939 1126 997 1164 Qui
1022 1128 1138 1159 virtute
1165 1128 1305 1160 caritatis

988 1173 1204 1206 circumfultus
1224 1176 1374 1217 undique,

940 1220 1106 1259 Proprium
1132 1221 1171 1252 ab
1196 1221 1333 1253 inimicis

984 1267 1151 1305 protexisti
1175 1269 1336 1307 populum,

941 1313 1052 1344 Funde
1074 1321 1185 1353 preces
1210 1323 1268 1353 pro
1297 1315 1409 1347 devoto

987 1359 1048 1390 tibi
1070 1368 1155 1391 nunc
1179 1361 1321 1401 collegio,

873 1406 909 1438 V.
939 1404 983 1436 Ut
1007 1408 1060 1437 tuo
1086 1407 1276 1446 propitiatus

986 1452 1166 1485 interventu
1190 1453 1344 1486 Dominus

940 1497 1005 1529 Nos
1030 1502 1178 1540 purgatos
1204 1510 1222 1532 a
1247 1503 1386 1540 peccatis

984 1547 1094 1586 jungat
1117 1547 1197 1578 caeli
1223 1548 1353 1581 civibus

884 1619 914 1651 3.
943 1617 1019 1650 Cum
1045 1623 1128 1652 esset
1149 1622 1184 1653 in
1208 1623 1357 1655 accubitu

987 1666 1161 1699 Mellifiuae
1192 1669 1383 1711 dulcedinis,

941 1711 1062 1745 Arcens
1088 1716 1209 1754 potenti
1233 1717 1353 1756 spiritu

989 1760 1111 1792 Pestem
1139 1763 1242 1795 carnis
1268 1767 1299 1796 et
1317 1767 1490 1808 sanguinis,

943 1805 1100 1839 Bonorum
1125 1812 1233 1848 septus
1258 1812 1377 1845 ambitu

989 1852 1153 1893 Sceptrum
1178 1859 1265 1888 tenet
1288 1859 1470 1904 regiminis3

874 1898 909 1931 V.
940 1899 1096 1933 Pastorali
1118 1900 1243 1935 functus
1267 1904 1371 1937 officio

944 1944 1103 1986 Singulari
1127 1947 1216 1982 fulsit
1240 1953 1419 1990 praeconiO.

1005 2087 1055 2118 In
1082 2090 1111 2121 3.
1137 2088 1360 2125 Nocturno.

1089 2173 1283 2209 Antiphonae.

884 2235 914 2267 1.
945 2235 1022 2267 Cum
1046 2237 1125 2271 flore
1149 2242 1301 2275 mundum
1328 2244 1465 2284 despicis

989 2283 1058 2316 Cito
1084 2286 1251 2329 ruiturum,

940 2328 1091 2363 Fructum
1117 2334 1201 2366 vitae
1227 2337 1349 2377 colligis

990 2377 1122 2418 Semper
1146 2389 1396 2419 permansurum.
