1652 2615
734 134 979 168 -141—

200 224 240 255 V.
270 225 387 258 Judaei
412 227 560 267 sacrilegi

319 271 478 311 augebant
503 274 654 313 convicia,

273 317 377 357 Super
401 318 542 351 dolorem
567 320 730 352 vulnerum

320 365 434 397 mentis
460 366 624 399 addebant
646 368 788 401 vulnera.

214 420 244 452 3.
269 420 400 458 Qualem
427 421 540 466 dicam,
568 424 704 463 domina,

321 468 470 509 Poenam,
497 479 589 509 quam
615 470 725 511 tulisti,

274 514 432 547 Crucifixo
456 515 522 548 filio

320 562 446 601 quando
472 565 506 594 tu
533 564 658 596 dixisti:

272 607 348 640 Noii
372 617 423 640 me
448 611 620 649 superstite

321 656 407 688 solus
433 659 563 688 mortem
586 658 664 696 pati,

275 702 358 742 Fiat,
386 710 510 745 quaeso,
543 704 656 735 similis

319 757 404 781 mors
429 752 541 782 matris
567 753 599 782 et
622 751 699 783 nati.

200 795 237 826 V.
272 795 346 827 Noli
370 804 421 828 me
443 797 633 839 relinquere,

320 843 406 883 Jesu,
437 843 484 875 fili
508 844 599 883 bone,

272 890 350 930 Fac,
378 893 413 923 ut
436 894 540 922 tecum
565 892 683 924 moriar

320 939 379 970 tali
403 938 561 977 passione.

332 1013 377 1044 In
405 1014 436 1046 2.
465 1013 693 1046 Nocturno.

419 1068 612 1104 Antiphonae.

217 1117 244 1148 1.
274 1116 417 1155 Noctem,
444 1125 506 1156 qua
525 1116 668 1149 Christus
691 1117 823 1155 capitur,

317 1164 491 1196 insomnem
515 1167 550 1195 tu
576 1163 695 1195 duxisti

271 1211 315 1242 Et
340 1211 498 1251 soporatis
526 1210 638 1242 ceteris

316 1257 455 1298 pervigii
482 1257 637 1289 mansisti.

214 1315 244 1347 2.
271 1314 347 1345 Fuit
371 1322 433 1346 nox
455 1314 534 1345 haec
557 1312 672 1345 flebilis

320 1365 351 1392 et
375 1361 468 1392 nimis
493 1370 611 1401 amara,

272 1409 403 1448 Quando
428 1409 449 1441 J
452 1416 522 1439 esus
548 1407 681 1448 capitur,

320 1456 386 1494 ejus
412 1455 520 1494 proles
546 1464 629 1487 cara.

214 1513 245 1547 3.
271 1512 351 1543 Erat
375 1511 481 1544 Maria
505 1515 606 1544 mater
630 1512 685 1551 pia

321 1558 399 1591 foris
425 1559 553 1597 plorans
579 1558 705 1600 acriter,

271 1607 389 1646 Regem
415 1607 525 1638 mundi
547 1606 711 1638 furibundi

322 1654 394 1685 dum
419 1655 595 1685 tractarent
617 1653 734 1684 viliter.

412 1717 621 1753 Responsoria.

220 1767 247 1798 1.
274 1765 440 1798 Consolari

320 1812 409 1852 virgo
434 1821 495 1843 non
522 1813 626 1853 potuit

274 1861 390 1892 Natum
416 1859 528 1891 videns

322 1906 412 1945 mori,
438 1915 530 1946 quem
554 1906 672 1948 genuit,

273 1954 357 1985 Fere
380 1957 501 1986 tantum

324 2002 462 2034 dolorem
489 2002 608 2044 habuit,

276 2048 374 2088 Quam
399 2049 547 2090 salvator,

321 2097 372 2137 qui
398 2098 447 2128 tot
470 2098 627 2131 sustinuit.

202 2144 239 2176 V.
272 2144 409 2176 Mortem
438 2152 568 2176 cernens

322 2192 398 2231 ejus,
426 2200 518 2231 quem
543 2193 632 2232 aluit,

273 2239 370 2273 Nulla
399 2242 500 2270 mater

319 2287 366 2317 sic
389 2295 527 2326 unquam
554 2286 663 2319 doluit.

215 2343 248 2376 2.
275 2341 352 2375 Cum
376 2342 503 2375 videret
527 2343 686 2384 suppiicia

322 2390 422 2430 prolis
447 2391 614 2433 exquisita,

953 230 1131 270 Torquetur
1155 229 1298 269 angustia

998 278 1100 308 mater
1122 275 1255 315 infinita,

952 324 1112 355 Triduano
1138 323 1240 362 spatio

1001 371 1073 402 dum
1099 370 1261 409 langueret
1285 370 1341 409 ita,

955 417 1085 457 squalet
1110 417 1176 456 ejus
1201 415 1299 448 facies

999 472 1100 503 nuper
1124 466 1188 495 tam
1212 464 1321 503 polita.

885 511 921 545 V.
953 512 1059 543 Poena
1083 511 1129 541 sic
1154 518 1342 551 exasperans

1004 566 1162 596 nunquam
1187 561 1236 589 est
1259 558 1377 598 audita,

954 604 1062 645 Longe
1090 604 1150 635 sibi
1176 606 1279 636 carior

1002 652 1105 683 exstat
1126 660 1210 683 mors
1236 660 1327 692 quam
1357 652 1430 683 vita.

895 709 925 740 3.
952 707 1098 739 Accessit
1122 707 1163 738 ad
1188 715 1311 739 crucem
1336 709 1412 741 Jesu

953 754 1050 785 Flens
1075 756 1175 785 mater
1198 753 1295 786 filium
1321 755 1428 787 Maria

952 801 996 833 Et
1018 800 1183 832 vulnerata
1208 804 1256 832 est

953 848 1004 880 Ex
1030 846 1147 880 Christi
1171 847 1310 880 lacrimis

953 895 998 926 Et
1021 894 1127 927 valido
1154 895 1290 926 clamore

952 941 998 973 Et
1020 941 1131 972 mortis
1157 945 1331 980 torment03

883 988 920 1021 V.
950 988 1103 1020 Morienti
1126 987 1191 1020 filio

954 1035 1163 1068 Gommoritur
1189 1035 1303 1073 anime,

954 1081 1100 1113 Immolat
1124 1084 1215 1113 natus
1242 1089 1378 1121 carnem,

953 1128 1059 1160 Mater
1084 1128 1229 1160 animam.

1010 1251 1056 1282 In
1083 1251 1114 1283 3.
1140 1249 1372 1283 Nocturno.

1100 1323 1295 1360 Antiphonae.

899 1382 915 1414 1
957 1382 1064 1414 Omnis
1094 1385 1181 1413 aetas
1207 1380 1322 1413 defleat

999 1431 1132 1461 mortem
1157 1428 1336 1467 salvatoris,

953 1475 1119 1508 Gloriosae
1144 1476 1275 1516 virginis

1001 1525 1168 1563 praetextu
1195 1522 1323 1555 doloris,

895 1581 927 1612 2.
955 1580 1050 1620 Virgo
1078 1588 1146 1611 cum
1173 1580 1354 1621 adspiceret

999 1629 1107 1659 natum
1138 1636 1230 1658 cruce
1254 1627 1344 1664 mori,

954 1673 1067 1705 Nullus
1092 1682 1147 1705 suo
1172 1674 1285 1705 similis

1004 1720 1093 1752 dolor
1119 1723 1167 1751 est
1188 1720 1299 1753 dolori.

899 1778 930 1809 3.
958 1777 1044 1815 Quae
1066 1777 1177 1807 matris
1202 1776 1363 1817 angustias

1003 1824 1111 1863 lingua
1139 1824 1240 1863 possit
1265 1821 1336 1865 fari,

957 1871 1032 1904 Cum
1061 1871 1185 1903 videret
1207 1870 1306 1902 filium

1000 1919 1032 1950 in
1063 1927 1156 1950 cruce
1181 1917 1325 1950 ciavari>

1097 2003 1302 2038 Responsoria.

901 2060 931 2093 1.
957 2060 1080 2101 Regina
1106 2060 1300 2099 clementiae,

1003 2108 1100 2147 Virgo
1125 2110 1226 2139 mater
1252 2107 1382 2149 Christi,

956 2155 1056 2187 Tuum
1082 2155 1194 2187 videns
1218 2154 1318 2187 filium

1004 2203 1081 2235 mori
1108 2205 1210 2234 morte
1233 2202 1329 2238 tristi,

956 2250 1028 2282 Non
1053 2250 1117 2281 suis
1142 2250 1316 2281 tortoribus

1002 2297 1147 2337 improba
1175 2295 1274 2334 fuisti,

955 2344 1017 2377 Sed
1043 2344 1176 2384 plorans
1203 2345 1234 2374 et
1255 2342 1382 2374 ululans

1005 2393 1102 2423 temet
1126 2389 1279 2423 afflixisti.
