1652 2615
140 217 178 250 V.
208 215 301 250 Felix
327 227 438 260 cuspes
460 220 510 251 est
532 217 647 259 ferrea,

211 266 278 305 Qua
303 266 466 298 confossus
491 275 510 297 a
535 265 655 298 framea

257 314 386 345 Fideles
409 313 569 346 liberavit.

274 384 319 416 In
344 385 376 419 3.
401 385 630 419 Nocturno.

353 446 546 482 Antiphonae.

155 494 184 525 1.
212 493 278 524 Nos
303 496 417 534 tecum,
440 495 540 534 Judex
564 495 693 536 saeculi,

257 540 326 573 Fac
351 541 475 573 demum
499 542 639 582 gloriari,

210 586 260 617 De
284 590 337 618 tuo
361 596 452 620 sacro
476 589 637 628 sanguine,

259 634 341 672 Quos
365 635 512 674 inundaS,
535 635 656 667 laetari.

151 691 184 720 2.
210 689 379 721 Praeclare
403 694 478 730 post
500 691 653 730 sanguine

255 735 322 768 Nos
348 737 462 769 ditavit
486 737 590 777 hodie,

209 783 268 822 Qui
292 784 427 822 pedibus
452 784 597 824 imaginis

257 829 420 869 Separatis
445 829 580 865 effluxit.

152 888 182 919 3.
209 886 313 926 Digne
337 887 451 919 chorus
475 886 617 919 fidelium

257 933 446 974 Sanguinem
471 938 648 974 veneretur,

209 980 275 1019 Quo
302 981 500 1020 redemptum
526 991 545 1013 a
569 982 698 1013 crimine

258 1026 299 1058 Se
324 1036 399 1059 vere
425 1027 599 1060 confitetur.

345 1083 554 1119 Responsoria.

155 1131 183 1163 1.
210 1129 261 1162 Pii
289 1131 345 1162 Dei
372 1131 540 1163 clementia

257 1177 325 1209 Non
354 1186 392 1209 ex
417 1179 481 1209 suis
506 1178 665 1217 operibus,

208 1224 273 1257 Sed
294 1234 333 1256 ex
357 1225 575 1256 misericordia

257 1272 375 1311 Impios
397 1271 584 1311 justificavit

207 1319 335 1358 Eosque
359 1319 463 1350 salvos
490 1318 593 1351 effecit

254 1365 456 1404 Benignitate
480 1375 555 1407 sua3

138 1412 176 1445 V.
208 1412 261 1444 Sic
284 1413 371 1452 ipsos
398 1414 437 1445 de
460 1413 591 1444 interitu

208 1459 337 1491 Tollens
358 1460 607 1492 misericorditer

253 1506 353 1538 Dedit
376 1507 456 1538 coeli
481 1507 607 1547 gaudia.

149 1565 182 1596 2.
209 1563 337 1595 Oruoiis
361 1563 460 1594 instet
482 1562 629 1594 laudibus

254 1609 374 1649 Clerus‚
399 1618 489 1650 quem
517 1609 661 1641 Christus
685 1619 757 1641 san-

531 1656 625 1697 guine

299 1702 408 1736 Effuso
435 1703 641 1743 consecravit,

207 1750 303 1789 Quem
330 1749 492 1782 effundens
518 1749 689 1781 salubriter

250 1798 314 1830 Pro
338 1797 449 1829 mundi
473 1806 508 1829 se
531 1797 714 1836 peccamine

300 1844 463 1876 Piaculum
489 1844 629 1876 donavit.

133 1893 171 1926 V.
202 1891 255 1924 Sic
278 1892 350 1931 pius
372 1900 406 1923 se
430 1891 470 1923 ab
493 1892 599 1931 impiis

291 1967 297 1973 .
327 1970 330 1976 ,
358 1939 428 1970 sine
457 1939 589 1971 crimine

298 1986 496 2026 Supplicium
520 1987 671 2026 portavit.

298 2059 340 2090 In
365 2057 592 2090 Laudibus.

348 2119 542 2156 Antiphonae.

145 2171 177 2202 1.
203 2169 295 2201 Dono
318 2170 484 2209 praeclaro
512 2167 652 2207 praediti

201 2217 355 2248 Thesauri
380 2215 472 2248 nobis
498 2214 612 2247 crediti

248 2266 444 2297 Veneremur
469 2266 619 2301 actorem,

887 217 946 258 Qui
968 216 1059 250 nobis
1083 224 1171 249 arma
1194 213 1337 254 contulit,

887 264 1004 305 Quibus
1028 264 1155 296 humani
1179 263 1317 302 perculit

937 311 1068 343 Generis
1093 318 1322 350 oppressorem.

855 404 863 411 .
887 378 977 409 Haec
999 372 1055 408 lux
1079 385 1149 408 cum
1170 375 1294 408 laetitia

934 424 1074 457 Celebris
1103 425 1214 462 agatur

888 471 933 503 Et
955 471 989 502 in
1014 469 1132 502 Christi
1156 469 1257 509 gloria

935 517 1068 550 Prorsus
1091 516 1303 555 impendatur.

854 609 860 615 .
884 584 970 622 Jesu,
997 582 1178 620 redemptor
1202 581 1330 621 saeculi,

890 630 927 661 In
951 629 1013 660 tuis
1038 637 1162 667 semper
1182 628 1285 659 seduli

932 676 1115 715 Praeceptis
1138 675 1313 715 vigilemus,

888 723 938 754 Ne
961 730 1072 762 segnes
1096 721 1234 761 operarii

884 769 1088 801 Frustremur
1111 777 1169 808 spe
1195 768 1326 811 denarii,

935 816 1030 855 Cujus
1055 816 1167 856 pignus
1193 817 1343 846 tenemus.

855 910 861 916 .
888 881 1003 913 Sancta
1024 880 1086 913 Dei
1112 881 1252 919 dextera,

888 928 1082 960 Benedicant
1111 936 1209 966 opera

936 975 1055 1008 Cuncta
1084 976 1266 1016 creatorem,

886 1022 945 1060 Qui
971 1022 1026 1053 dat
1044 1021 1135 1054 nobis
1160 1029 1290 1052 munera

885 1069 938 1099 Ad
963 1068 1118 1099 salvanda
1140 1067 1283 1106 vulnera,

936 1114 1067 1147 Crucem
1093 1116 1124 1145 et
1149 1123 1302 1145 cruorem.

854 1204 862 1212 .
887 1179 1006 1211 Terrae
1029 1187 1119 1219 reges
1145 1182 1177 1210 et
1200 1179 1310 1218 populi

886 1226 1035 1258 Laudent
1057 1234 1165 1257 omnes
1190 1229 1223 1256 et
1245 1225 1361 1264 singuli

934 1273 1103 1306 Sedentem
1126 1280 1222 1312 super
1245 1273 1401 1314 thronum,

889 1320 978 1360 Quod
1006 1321 1158 1351 immensa
1184 1319 1269 1351 datio

887 1367 923 1399 In
949 1368 1008 1399 hoc
1034 1367 1073 1397 de
1097 1375 1186 1398 sacro
1210 1366 1279 1397 loco

934 1414 983 1447 Sit
1004 1414 1103 1453 lapsis
1128 1413 1312 1444 remedium.

1003 1486 1048 1515 Ad
1068 1487 1250 1514 Benedictus.

850 1572 856 1579 .
887 1545 983 1577 Ortus
1008 1546 1081 1576 ante
1105 1543 1230 1575 saecula

883 1591 950 1624 Nos
974 1592 1008 1622 in
1034 1592 1118 1622 servi
1141 1589 1278 1622 formula

934 1637 1077 1670 Christus
1102 1637 1253 1676 visitavit,

884 1685 984 1717 Nobis
1011 1686 1089 1716 dans
1114 1684 1286 1723 signacula,

884 1732 1002 1770 Quibus
1031 1731 1100 1763 dira
1124 1731 1251 1762 vincula

933 1777 1049 1810 Mortis
1076 1777 1252 1816 dissipavit.

954 1891 998 1923 In
1024 1893 1055 1924 2.
1084 1891 1193 1930 Vesp
1205 1890 1299 1922 eris.

1007 1965 1052 1993 Ad
1067 1965 1244 2001 Mag-nificat.

848 2052 854 2058 .
884 2025 942 2058 Pie
966 2023 1052 2062 Jesu,
1079 2033 1136 2056 rex
1162 2024 1309 2062 omnium,

884 2071 973 2104 Finis
999 2075 1094 2112 atque
1117 2071 1310 2111 principium

931 2119 1035 2158 Hujus
1060 2118 1279 2160 solemnitatis,

883 2167 962 2199 Post
985 2164 1067 2197 festa
1092 2165 1281 2203 temporalia

885 2213 951 2245 Nos
977 2212 1134 2252 perducas
1160 2213 1201 2244 ad
1226 2211 1345 2251 gaudia

932 2261 1019 2292 Tuae
1047 2259 1266 2300 perennitatis.

204 2321 290 2348 Brev.
300 2321 518 2356 Gorisopitense
527 2319 588 2354 imp
591 2336 742 2345 ......
762 2314 844 2345 1500.
856 2332 892 2336 -
901 2316 944 2343 In
957 2315 981 2343 1.
990 2316 1064 2343 Ves
1072 2324 1091 2352 p
1099 2316 1184 2342 eris.
1212 2314 1258 2341 Ad
1266 2314 1365 2349 Mag-n.
1377 2311 1408 2348 Α,
1419 2312 1436 2341 5

129 2358 292 2395 Erumpens
314 2358 496 2386 innubiliter.
518 2372 553 2376 -
572 2357 616 2384 In
635 2353 662 2383 3.
681 2355 874 2383 Noeturno.
902 2353 923 2380 Α
945 2352 971 2388 3,
994 2351 1011 2380 2
1031 2355 1195 2380 veneratur.
1218 2366 1253 2369 —
1274 2348 1295 2378 R
1318 2351 1342 2385 1,
1363 2351 1381 2378 3
1402 2360 1437 2379 ex

127 2397 209 2425 fehlt.
228 2411 265 2416 —
283 2398 328 2425 'In
340 2396 545 2426 Laudibus.
567 2393 589 2421 Α
604 2391 631 2427 3,
652 2392 672 2422 4
689 2394 736 2421 Ne
749 2394 878 2421 sinentes
896 2393 1021 2428 operari.
1034 2406 1072 2411 -
1094 2390 1116 2417 Α
1136 2389 1163 2421 4,
1182 2388 1201 2417 2
1221 2390 1387 2417 Benedicat.
1401 2404 1437 2408 —

126 2436 186 2463 Die
204 2435 403 2472 zugehiirigen
423 2435 561 2470 Hymnen
582 2432 641 2469 vgl.
662 2431 748 2460 Anal.
769 2431 837 2465 ΧΠ,
857 2431 908 2460 Nr.
928 2428 1053 2458 49—52.
