1652 2615
200 225 225 254 1.
247 226 303 254 Cor
325 229 457 255 nostrum
476 229 572 264 ploret
593 232 622 256 et
642 231 751 263 oculus,

244 265 306 292 Nos
328 268 440 301 pungat
459 268 566 294 amoris
587 268 730 302 stimulus,

244 302 320 335 Heu,
341 305 434 330 mater
454 312 554 332 carens
576 307 709 341 contagio

242 340 317 366 Tam
337 340 416 367 dulci
437 342 571 376 privatur
591 341 659 369 filio.

200 384 226 412 2,
248 387 298 413 Fit
315 395 375 414 nox
394 388 481 414 nimis
501 388 617 421 flebilis,

282 425 349 452 Nox
373 426 461 452 nimis
481 434 589 459 amara,

246 462 367 495 Quando
387 462 475 491 Jesus
496 465 617 500 capitur,

283 500 357 535 Ejus
376 501 473 535 proles
494 509 569 529 cara.

807 136 873 171 127

881 228 907 258 3,
928 231 994 258 Stat
1012 230 1114 263 Maria,
1136 231 1226 256 mater
1246 229 1303 263 pia,

963 269 1046 295 Foris
1069 267 1185 302 plorans
1206 267 1318 297 acriter,

925 306 1033 342 Regem
1053 304 1152 331 mundi
1170 303 1317 331 furibundi

963 344 1041 371 Dum
1060 344 1187 369 tractant
1205 343 1264 367 tam
1283 341 1390 368 viliter.

878 389 905 417 4.
927 391 1020 423 Quam
1039 392 1173 425 putamus
1190 390 1291 416 matris
1303 388 1487 420 maestitiam,

928 429 999 456 Cum
1020 427 1130 454 videret
1150 426 1240 462 prolis
1262 426 1435 462 angustiam,

925 466 992 493 Non
1020 466 1063 493 est
1082 464 1164 491 dolor
1183 466 1217 491 ut
1235 465 1335 490 matris
1356 463 1487 498 virginis,

924 504 1048 530 Mortem
1072 502 1214 537 ploraniis
1228 501 1285 528 Dei
1306 503 1335 528 et
1352 501 1488 527 hominis.

632 547 658 576 5.
681 549 782 577 Omnis
803 552 882 577 aetas
903 550 1007 577 defleat

717 589 839 614 mortem
860 587 1016 615 salvatoris

679 625 831 652 Gloriosae
851 626 976 659 virginis

735 665 887 697 praetextu
906 662 1025 689 doloris.

190 716 247 744 Die
266 717 402 751 Hymnen
422 716 516 745 dieses
538 716 685 746 Officiums
704 718 794 753 vel-gl.
814 718 899 746 Anal.
920 719 986 746 XII.
1007 719 1056 746 Nr.
1080 716 1237 746 106—108.

611 870 661 902 40.
690 872 734 902 De
755 870 966 911 Gompassione
985 870 1071 902 BMV.

329 958 376 990 In
405 958 435 990 1.
462 957 675 998 VesperiS.

403 1031 597 1067 Antiphonae.

231 1109 237 1116 .
264 1087 379 1119 Stabat
400 1091 502 1120 mater
526 1089 655 1121 anxiata

312 1134 410 1167 Juxta
435 1144 557 1167 crucem
583 1134 651 1176 filii,

265 1182 386 1213 Poenas
411 1182 539 1214 volvens
564 1186 668 1215 mente
692 1189 783 1223 grata

312 1227 465 1260 Simeonis
489 1229 597 1269 gladii.

230 1309 237 1315 .
265 1285 393 1318 Vultum
417 1286 515 1324 gessit
539 1286 779 1318 tremebundum

311 1331 356 1363 Et
379 1330 542 1372 perfusum
566 1332 716 1372 lacrimis,

264 1378 347 1409 Dum
372 1379 511 1418 respexit
538 1379 730 1411 sitibundum

310 1425 428 1457 Natum
450 1426 484 1457 in
507 1427 681 1466 suppliciis.

232 1507 237 1513 .
265 1482 426 1521 Linquens
451 1483 560 1515 Jesum
583 1482 751 1515 benedicta

310 1529 417 1561 Triste
441 1538 498 1568 per
525 1531 748 1568 concambium,

262 1577 452 1615 Acceptavit
475 1577 549 1608 hinc
572 1575 692 1609 afflicta

308 1623 466 1655 Zebedaei
489 1623 598 1657 filium.

229 1702 236 1711 .
264 1680 354 1711 Vidit
377 1681 451 1711 nato
476 1680 548 1711 dum
573 1681 680 1718 parari

311 1726 433 1758 Poenas
458 1727 492 1757 in
516 1726 670 1767 patibulo,

263 1772 353 1805 Haec
377 1783 396 1805 a
419 1782 500 1805 novo
525 1773 687 1807 molestari

311 1820 424 1860 Coepit
445 1820 649 1861 improperio

229 1902 235 1909 .
263 1878 292 1908 A
314 1885 459 1909 maerore
483 1886 539 1909 nos
566 1880 654 1909 tuere

313 1924 422 1957 Crucis
446 1933 505 1964 per
529 1924 677 1966 ludibria,

265 1971 400 2014 Christe,
425 1972 527 2003 nostri
549 1972 701 2005 miserere

307 2019 422 2051 Matris
447 2024 506 2059 per
530 2020 675 2059 suspiria.

379 2093 425 2122 Ad
444 2094 622 2130 Magnificat.

225 2180 231 2187 ,
263 2152 413 2185 Planctus
439 2151 556 2195 fundis,
583 2161 601 2184 ο
625 2153 740 2190 Maria,

261 2199 343 2231 Nam
371 2199 489 2232 doloris
513 2200 683 2240 prophetia

308 2248 409 2282 Tuam
431 2248 548 2279 transit
570 2247 717 2287 animam,

263 2294 366 2327 Corde
390 2297 512 2334 martyr
537 2303 569 2326 es
595 2294 652 2325 sub
677 2303 770 2326 cruce

262 2341 491 2381 Triumphante
515 2342 639 2374 Christo
666 2342 745 2373 duce

311 2388 373 2420 Per
397 2392 529 2421 mortem
555 2389 770 2429 turpissimam
782 2399 789 2430 ;

943 959 1044 990 Dolor
1069 959 1171 998 cessit,

942 1005 1012 1036 Lux
1037 1006 1188 1037 accrescit

987 1052 1096 1084 Crucis
1122 1061 1179 1091 per
1206 1052 1397 1092 memoriam,

940 1098 1022 1129 Dum
1047 1099 1192 1137 surrexit,

940 1144 1036 1184 Spem
1060 1146 1204 1184 porrexit

988 1193 1040 1223 Ad
1065 1194 1223 1223 aeternam
1251 1192 1391 1231 gloriam.

1004 1325 1033 1355 A
1045 1323 1064 1355 d
1090 1323 1354 1355 Matutinum.

1072 1398 1286 1425 Invitatorium.

942 1455 1041 1487 Voces
1071 1465 1109 1486 ex
1133 1455 1329 1494 praecordiis

988 1502 1176 1535 Dulcisonas
1201 1502 1334 1541 haurite,

942 1549 1071 1581 Flentes
1096 1557 1228 1588 poenam
1255 1549 1395 1589 virginis,

991 1596 1209 1636 Christicolae,
1237 1597 1350 1630 venite.

1004 1720 1050 1751 In
1078 1719 1107 1752 1.
1135 1719 1363 1752 NocturnO.

1087 1793 1280 1829 Antiphonae.

909 1875 916 1881 .
941 1849 1013 1881 Nox
1036 1851 1188 1882 insomnis
1215 1850 1348 1888 ducitur,

942 1898 980 1929 In
1004 1907 1065 1937 qua
1091 1897 1233 1930 Christus
1257 1897 1386 1937 patitur,

988 1946 1086 1985 Virgo
1112 1946 1184 1977 dum
1210 1945 1334 1986 vigilias

991 1992 1139 2025 Celebrat
1163 1992 1396 2025 maestissimas.

909 2075 916 2082 .
943 2050 1052 2082 Jesum
1079 2049 1153 2081 dum
1181 2050 1353 2089 discipulus

990 2096 1105 2129 Tradit
1129 2097 1285 2137 specialis,

942 2145 1157 2184 Praeparatur
1184 2144 1307 2187 gladius

988 2191 1111 2232 Virgini
1134 2192 1287 2232 poenalis.

908 2274 914 2280 .
941 2248 971 2279 A
996 2248 1106 2280 matris
1131 2248 1311 2288 praesentia

989 2295 1072 2327 Dum
1099 2297 1192 2327 cessit
1219 2294 1363 2335 dilectus,

943 2342 1017 2373 Flet
1042 2352 1080 2374 ex
1106 2341 1302 2373 vehementia

990 2389 1154 2422 Maternus
1177 2389 1316 2422 affectus.
