1652 2615
742 136 974 170 —83-

286 228 371 255 Brev.
393 237 444 255 ins.
464 229 629 256 Lubicense
649 239 723 258 saec.
749 229 792 258 15.
827 230 895 258 cod.
915 230 1054 258 Lubicen.
1075 239 1098 258 s.
1118 240 1147 258 n.
1166 229 1214 265 (01.
1237 228 1291 264 62).
1311 230 1346 257 A.
1370 243 1403 247 —-
1425 230 1509 256 Brev.

209 274 263 293 ms.
283 265 539 293 Hildesheimense
558 275 633 294 saec.
659 266 702 295 15.
737 269 806 296 Cod.
828 268 921 303 Capit.
938 268 1088 295 Tre-vireu.
1111 266 1172 296 180.
1194 269 1226 297 Β.
1241 281 1278 286 —
1293 266 1360 294 Cod.
1375 267 1508 294 Beverin.

209 301 273 330 696.
295 311 369 330 saec.
394 300 465 331 ¹5l10.
489 303 518 330 C.
539 319 577 323 ——
601 305 684 333 Brev.
705 306 943 333 Paderbornense
973 307 1040 340 imp.
1062 306 1182 342 Lipsiae
1207 303 1287 333 1513.
1307 305 1343 332 D.
1366 320 1404 324 —
1423 305 1507 332 Brexr.

209 340 465 368 Hildesheimense
491 342 559 377 imp.
584 342 706 377 Lipsiae
734 342 816 370 1516.
843 343 879 370 E.
906 358 943 362 —
970 344 1054 371 Brev.
1083 343 1268 372 Goslariense
1292 344 1360 376 imp.
1382 342 1506 370 Halber-

208 378 296 405 stadii
318 376 400 405 1525.
421 378 453 405 F.
474 392 510 397 —
531 379 573 406 In
595 377 619 406 1.
634 380 739 416 Vesp.
760 380 854 415 Super
872 381 920 408 Ps.
942 379 974 413 Α,
997 378 1012 407 1
1025 381 1098 408 Tam
1119 381 1211 409 dulcis
1231 380 1404 417 virguncula
1418 381 1453 407 D.
1469 396 1506 400 —

207 415 281 443 Ibid.
307 414 327 442 4
350 415 406 442 filii
435 416 469 443 A.
494 432 530 436 —-
555 417 596 444 In
624 415 648 444 1.
671 418 774 446 Noct.
802 417 821 443 R
844 416 877 454 1,
903 416 920 446 3
942 418 1015 445 fehlt
1038 418 1097 446 AB.
1119 434 1153 439 —-
1183 417 1202 445 R
1223 417 1254 451 3,
1280 416 1298 445 3
1319 419 1412 445 omnis
1432 418 1506 445 caeli

207 453 266 480 AB.
306 468 315 474 .
359 451 377 478 Β
401 452 432 487 23,
453 452 473 481 4
498 456 591 481 omnis
617 463 719 483 sancta
744 456 804 482 AB.
832 470 868 475 -—
895 456 937 483 111
962 453 988 483 3.
1009 456 1108 483 Noct.
1131 455 1176 482 ΑΑ
1203 456 1363 492 prosaisch.
1381 471 1420 474 —
1449 454 1466 480 R
1486 453 1504 483 3

207 491 323 518 ebenso.
352 507 388 511 —
414 491 454 518 In
482 492 588 519 Laud.
619 491 641 518 Α
665 491 693 527 1,
716 491 731 520 1
759 492 862 528 Surgis
889 493 921 520 F.
951 507 987 512 -—
1014 491 1036 519 Α
1059 492 1089 526 1,
1110 492 1127 522 3
1151 494 1302 529 Respicias
1331 502 1385 520 nos
1409 493 1442 520 A.
1469 507 1503 511 —

207 527 229 553 Α
254 526 278 561 1,
299 526 319 555 4
338 530 459 564 praepia
476 531 560 565 virgo
581 532 647 557 tuos
667 531 700 558 A.

606 620 650 649 27.
682 621 724 651 De
745 620 1001 651 Praesentatione
1021 620 1108 652 BMV.

341 689 386 720 In
413 689 442 720 1.
474 688 689 728 VesperiS.

420 762 613 797 Antiphonae.

221 821 248 853 1.
277 820 301 852 Ο
327 820 409 851 mira
434 822 465 850 et
488 820 649 852 laudanda

279 867 465 906 Clementia,

274 914 378 945 Isaiae
402 913 571 953 prophetia

276 961 459 1000 Completur
482 960 514 991 in
540 960 653 992 Maria.

218 1047 249 1077 2.
277 1045 354 1076 Dies
379 1045 458 1076 haec
482 1044 671 1076 venerabilis

276 1092 388 1124 Illuxit
408 1092 500 1123 nobis
525 1091 667 1134 celebris,

271 1139 330 1170 His
352 1139 508 1178 promissa

272 1186 500 1224 Prophetarum
526 1183 672 1218 oraculis.

215 1271 245 1302 3.
272 1270 341 1302 Vox
366 1269 505 1301 concinit
526 1268 723 1309 prophetica,

269 1316 370 1349 Stella
393 1318 522 1355 putatur
546 1313 678 1354 fulgida,

270 1363 376 1402 Stirpe
400 1362 579 1395 Israelitica

267 1411 370 1443 Homo
395 1411 490 1441 sumit
515 1408 654 1440 exordia.

208 1498 240 1529 4.
267 1495 368 1527 Stella
393 1495 456 1525 ista
480 1492 678 1534 prophetalis

261 1542 387 1582 Figuris
411 1542 497 1573 lucet
519 1540 703 1580 praeclaris,

263 1589 416 1629 Progenie
432 1588 587 1620 Davidica

263 1636 359 1676 Virgo
386 1636 493 1667 oblata
517 1635 632 1668 Maria.

374 1728 420 1756 Ad
441 1726 620 1763 Magnificat.

191 1790 228 1820 A.
261 1786 347 1826 ὄρεα,
373 1787 498 1826 piorum
521 1784 631 1824 gloria,

262 1834 337 1866 Sola
361 1841 486 1865 reorum
511 1831 612 1869 venia,

259 1882 382 1914 Mariae
406 1888 502 1919 prece
527 1878 657 1918 virginis

259 1929 414 1968 Expiatos
441 1926 594 1966 contagiis

259 1976 405 2009 Paradisi
430 1974 531 2006 redde
556 1974 689 2013 gaudiis.

321 2119 383 2150 Ad
407 2117 672 2150 Matutinum.

390 2193 605 2220 Invitatorium.

256 2250 360 2290 Salve,
383 2250 477 2282 stella
501 2250 608 2289 maris,

299 2298 423 2338 generis
451 2298 546 2329 decus
570 2297 756 2336 imperialis,

257 2344 423 2379 Adventus
450 2347 481 2376 et
506 2344 655 2375 introitus

307 2395 377 2426 tuus
402 2392 444 2422 sit
470 2391 665 2424 benedictus.

1012 690 1058 721 In
1085 690 1114 721 1.
1141 690 1369 722 Nocturno.

1096 763 1290 800 Antiphonae.

896 822 924 853 1.
952 821 1076 853 Mariae
1098 824 1283 852 venerantes
1308 821 1420 852 merita

951 867 1027 903 Nos,
1053 867 1136 898 alme
1158 867 1254 907 Deus,
1283 868 1375 899 visita

951 913 1041 945 Sacri
1065 912 1200 946 flaminis
1226 915 1328 953 gratia

953 961 1050 992 Prece
1078 962 1249 1001 rogitamus
1274 962 1393 995 intima.

916 1045 923 1050 .
949 1017 1033 1056 Ergo
1061 1016 1209 1048 ducamus
1234 1017 1348 1056 gaudia

948 1063 1050 1102 Hujus
1074 1063 1136 1094 diei
1152 1064 1312 1103 memoria,

948 1109 1013 1147 Quo
1037 1109 1131 1141 stella
1156 1111 1234 1141 haec
1257 1111 1445 1149 prophetica

945 1157 1169 1188 Praesentatur
1196 1157 1229 1187 in
1255 1158 1417 1195 templum.

911 1238 917 1243 .
944 1212 981 1243 In
1006 1212 1158 1250 templum
1181 1211 1241 1243 Dei
1267 1212 1417 1251 gradibus

942 1258 1004 1289 Ter
1029 1258 1131 1297 quinis
1158 1262 1225 1289 erat
1251 1259 1365 1301 aditus,

944 1305 1026 1343 Quos
1052 1306 1233 1345 compositis
1255 1306 1414 1344 gressibus

943 1351 1099 1383 Ascendit
1122 1351 1203 1383 fulta
1229 1353 1368 1385 caelitus.

1079 1426 1283 1462 Responsoria.

908 1499 914 1505 .
940 1475 991 1506 Ad
997 1474 1119 1514 venisti,
1147 1474 1379 1513 desiderabilis,

941 1522 1086 1554 Omnium
1110 1522 1304 1553 saeculorum
1330 1522 1474 1562 saeculis,

940 1569 966 1601 Ο
994 1569 1176 1608 virguncula
1201 1568 1433 1608 conspicabilis,

938 1616 1060 1647 Futura
1083 1619 1185 1648 mater
1208 1615 1423 1647 venerabilis?

898 1689 905 1695 .
938 1663 1041 1700 Salve,
1065 1660 1123 1695 flos
1149 1663 1261 1702 campi,

986 1710 1041 1740 lux
1066 1710 1155 1750 caeli,
1182 1710 1284 1749 gloria
1307 1710 1428 1741 mundi.

907 1792 913 1798 .
938 1766 1052 1797 Electa
1077 1773 1115 1797 ex
1140 1766 1261 1797 milium
1285 1765 1423 1804 milibus,

940 1813 1038 1851 Quam
1055 1813 1230 1852 praeelegit
1246 1812 1306 1844 sibi
1324 1812 1488 1853 Dominus!

940 1861 976 1892 In
991 1859 1109 1899 templo
1121 1861 1342 1899 praesentatur
1354 1859 1489 1892 Domino

941 1906 1056 1938 Debito
1079 1910 1246 1945 parentum
1271 1907 1432 1946 obsequio.

900 1982 907 1989 .
940 1954 1129 1995 Imperitans
1156 1955 1276 1985 eunctis

983 2000 1090 2033 infans
1114 2004 1257 2042 gestatur
1281 2002 1314 2032 in
1339 2002 1433 2035 ulnis,

880 2065 910 2091 ”.
937 2059 1000 2091 Per
1024 2066 1148 2089 sacrum
1173 2057 1373 2098 sacrificium,

938 2106 1015 2138 Ritu
1037 2106 1201 2145 praecepti
1226 2106 1356 2145 editum,

937 2153 1075 2185 Odorem
1100 2152 1163 2185 fert
1186 2152 1362 2192 mirificum,

937 2200 1126 2242 Salutarem,
1152 2199 1322 2243 vivificum,

899 2273 905 2279 .
937 2248 1051 2279 Hostia
1074 2246 1217 2286 pacifica,

935 2295 1077 2328 Victima
1100 2294 1236 2333 vivifica,

935 2342 1088 2374 Dominus
1112 2343 1145 2373 in
1170 2344 1278 2373 saneto

938 2390 1000 2423 Suo
1026 2389 1118 2420 adest
1142 2389 1270 2429 templo.

1278 2444 1295 2471 (3
