1652 2615
706 152 751 159 —
799 147 866 167 J-C‘J:
912 153 959 157 —

261 230 322 262 Per
346 231 378 260 te
401 229 570 270 salvantur,

303 276 476 315 quicunque
492 275 550 306 tibi
567 273 774 313 famulantur;

223 348 230 355 .
261 322 310 355 Sis
335 322 456 354 miseris
481 320 607 362 fautrix,

308 370 379 408 quia
403 369 456 408 pia
480 368 589 400 salutis
615 375 647 398 cs
669 366 800 399 auctrix.

229 451 236 458 .
265 425 382 458 Christi
405 423 732 463 supereminentissam

261 472 450 503 Veneremur
473 470 506 501 111
530 469 634 501 Maria
657 469 799 510 gratiam,

262 517 411 556 Quoniam
437 517 531 556 elegit

260 564 338 595 Eam
363 563 449 594 Deus
475 566 505 593 et
529 562 683 602 praelegit

260 611 296 642 In
320 609 542 641 habitationem
566 608 636 641 sibi.

221 682 228 688 .
258 656 346 688 Haec
369 665 479 688 munus
504 656 572 695 spei

308 704 361 735 det
384 703 473 734 nobis
498 705 530 734 et
550 703 679 742 requiei.

204 762 234 791 ¹.
258 759 359 798 Salve,
385 761 478 798 porta
500 759 576 798 poli,

306 805 439 837 Domino
465 814 543 845 quae
565 805 675 844 pervia
699 805 769 844 soli,

259 853 307 884 Tu
331 855 432 884 mater
456 852 573 885 Christi

305 898 374 930 fieri
399 907 478 938 quae
502 899 596 938 digna
620 897 718 937 fuisti,

259 946 308 977 Tu
330 946 417 985 virgo
441 945 535 988 mitis,

306 992 346 1024 da
369 1000 462 1024 verae
485 992 599 1032 pocula
623 992 706 1032 vitis,

219 1063 225 1070 .
256 1038 301 1070 Ut
323 1039 399 1070 laeti
422 1038 557 1078 patriam

305 1085 462 1117 valeamus
487 1085 576 1117 adire
600 1093 776 1123 supernam.

314 1160 360 1191 In
385 1160 416 1191 3.
443 1159 667 1190 Nocturno.

399 1213 591 1249 Antiphonae.

226 1287 232 1293 .
260 1262 356 1300 Virgo
380 1262 513 1300 pulchra
530 1260 611 1293 facie

304 1308 447 1339 Moribus
472 1316 591 1346 serena,

258 1354 305 1385 Tu
330 1363 483 1394 supernae
507 1354 626 1394 gratiae

304 1401 513 1433 Abundanter
536 1401 640 1440 plena,

303 1447 373 1479 Duc
393 1456 449 1479 nos
474 1448 514 1479 ad
539 1456 677 1480 amoena.

223 1529 229 1535 .
254 1504 291 1534 111
315 1504 375 1535 hoc
398 1504 499 1534 sancti
523 1503 652 1542 spiritus

306 1551 400 1582 Festo
427 1550 535 1581 damus
561 1552 633 1581 vota

258 1596 330 1627 Tibi
354 1605 412 1627 nec
435 1605 497 1627 non
520 1595 585 1627 filio

305 1643 413 1674 Mente
437 1646 545 1674 nostra
567 1645 641 1684 tota,

304 1689 352 1720 Tu
373 1698 430 1720 nos
454 1690 509 1721 illo
534 1691 617 1728 pota.

223 1770 229 1777 .
256 1745 379 1777 Mentes
403 1748 529 1777 nostrae
552 1748 738 1784 permanent

303 1792 443 1824 Veritate
466 1800 586 1831 caecae,

255 1839 332 1879 Has,
360 1839 455 1879 virgo,
481 1839 622 1871 illumina

302 1886 384 1918 Lota
407 1885 482 1917 inde
506 1884 604 1926 faece,

301 1932 351 1963 Ne
375 1932 556 1964 damnemur
579 1941 665 1965 nece.

390 1997 593 2032 Responsoria.

222 2069 228 2076 .
257 2045 351 2084 Virgo
376 2053 411 2083 sp
416 2044 610 2077 eciocissima

254 2091 297 2123 Et
313 2091 345 2122 in
363 2099 468 2122 omnes
489 2094 521 2122 te
539 2092 719 2123 invocantes
735 2092 796 2123 cle-

520 2139 721 2178 mentissima‚

254 2185 312 2224 Tu,
338 2193 417 2223 quae
441 2185 628 2217 salvatorem
652 2186 786 2225 genuisti

254 2231 321 2262 Nec
345 2232 497 2270 pudorem
520 2232 660 2270 amisisti,

255 2278 321 2310 Nos
346 2278 405 2310 tibi
431 2279 559 2312 devotos
584 2288 718 2319 agnosce

253 2327 297 2357 Et
324 2328 396 2365 post
417 2328 548 2357 mortem
571 2325 629 2358 filii

300 2373 432 2413 gratiam
456 2382 568 2413 posce3

859 227 895 259 V.

872 331 904 362 2.

928 227 1028 266 Regni
1055 229 1214 258 consortes

975 276 1011 304 ut
1034 274 1139 311 simus,
1163 273 1247 304 dilue
1272 273 1393 305 sordes.

929 330 1009 368 Ave,
1036 332 1137 361 mater
1161 329 1407 370 misericordiae,

930 377 1009 415 Ave,
1035 376 1184 407 solamem
1209 376 1364 415 miseriae,

928 424 1008 460 Ave,
1033 425 1210 453 sanctorum
1236 422 1345 461 gloria,

929 469 1009 508 Ave,
1035 469 1130 499 totius
1155 468 1229 499 boni
1255 469 1357 509 copia,

929 514 1008 547 Juva
1032 514 1280 546 misericorditer

928 562 981 593 Ad
1006 564 1038 592 te
1062 561 1232 593 clamantes
1252 562 1379 603 jugiter,

928 609 1013 648 Quae
1037 608 1151 647 spiritu
1173 610 1282 640 sancto
1306 611 1388 639 teste

928 655 1061 687 Manens
1087 655 1174 695 virgo
1200 655 1341 688 meruisti

927 702 1033 734 Mater
1058 710 1136 734 esse.

929 759 953 791 O
979 758 1088 789 beatus
1113 760 1230 797 uterus,

974 806 1155 844 inexpertus
1180 804 1291 844 virum,

928 852 986 890 Qui
1016 851 1136 883 creavit
1159 850 1257 883 filium

974 899 1015 930 ad
1039 900 1171 929 naturae
1194 898 1316 936 mirum,

926 945 1029 985 Hunc,
1056 945 1109 984 qui
1133 953 1188 976 suo
1211 945 1361 984 sanguine

972 1001 1044 1023 suos
1067 992 1217 1023 liberavit

925 1038 970 1070 Et
995 1039 1034 1070 de
1059 1038 1152 1069 caelis
1177 1037 1321 1076 spiritum

974 1087 1116 1116 sanctum
1142 1084 1321 1125 destinavit,

926 1131 988 1163 Hic
1013 1134 1062 1163 est
1083 1132 1148 1171 ille,
1173 1130 1277 1172 Moysi
1300 1130 1396 1162 rubus

927 1178 1023 1216 Quem
1047 1178 1181 1217 signavit
1207 1178 1417 1216 incorruptus,

972 1226 1144 1256 Aeternum
1169 1233 1244 1256 vere
1268 1224 1438 1263 generavit.

1013 1336 1030 1368 1
1038 1346 1059 1367 n
1082 1336 1110 1368 L
1119 1345 1138 1367 a
1145 1346 1167 1367 u
1177 1337 1197 1368 d
1205 1336 1218 1367 i
1226 1336 1245 1367 b
1254 1345 1274 1367 u
1284 1345 1308 1369 S.

1070 1400 1265 1436 Antiphonae.

893 1482 898 1489 .
926 1458 1024 1489 Modo
1049 1460 1120 1489 tuus
1145 1456 1239 1497 filius,

971 1505 1078 1544 Virgo,
1107 1505 1275 1536 destinavit

925 1551 994 1582 Illis
1019 1554 1160 1582 sanctum
1185 1551 1340 1590 spiritum,

971 1598 1054 1636 Quos
1079 1606 1190 1630 cruore
1212 1598 1301 1636 lavit,

925 1644 983 1682 Qui
1008 1647 1047 1682 et,
1075 1645 1148 1675 dum
1174 1644 1364 1685 conciperes,

975 1691 1033 1722 tibi
1058 1691 1266 1723 obumbravit.

926 1747 984 1785 Qui
1006 1749 1039 1777 te
1064 1747 1182 1778 cunctis
1208 1746 1333 1779 feminis

969 1794 1244 1835 praeilluminavit,

927 1839 1031 1872 Corda
1056 1841 1229 1880 apostolica

972 1887 1063 1919 modo
1088 1888 1238 1930 visitavit,

925 1934 1006 1965 Inde
1029 1937 1100 1966 tuus
1124 1935 1254 1973 spiritus

968 1981 1040 2019 Jure
1065 1981 1243 2015 exsuitavit.

892 2061 899 2068 .
925 2036 1016 2068 Misit
1039 2037 1071 2068 in
1096 2038 1254 2076 apostolos

968 2083 1053 2115 Deus
1078 2087 1220 2116 sanctum
1245 2094 1390 2127 pneuma,

924 2130 1012 2168 Quod
1037 2131 1086 2161 his
1111 2131 1236 2171 linguae
1260 2134 1368 2164 attulit

967 2186 1058 2208 omne
1080 2177 1262 2220 figureuma,

925 2224 1031 2264 Virgo,
1058 2233 1137 2264 quae
1162 2225 1245 2257 bunc
1269 2225 1365 2259 filium

971 2272 1115 2312 genuisti,
1141 2281 1262 2306 neuma.

921 2328 1036 2367 Quavis
1062 2329 1162 2359 sancti
1187 2329 1316 2370 spiritus

969 2383 1092 2415 semper
1115 2376 1210 2416 plena
1237 2377 1319 2421 dote,
