1652 2615
713 136 968 173 -179‘

351 231 396 262 In
420 231 650 264 Laudibus.

397 305 506 339 Antiph
511 312 592 332 onae.

229 387 235 393 .
261 361 369 393 Mater
393 364 504 394 saneta
527 360 599 404 Dei,

309 411 458 448 suscepta
481 408 552 440 sinu
577 408 708 449 requiei,

261 455 324 486 Pro
349 455 440 487 nobis
465 458 543 492 oret,

307 501 363 533 ubi
387 502 482 541 pleno
509 502 628 534 lumine
650 500 753 536 floret.

230 581 236 588 .
265 557 342 589 Post
364 557 476 589 laudes
500 558 618 590 Christi

308 605 378 636 laus
403 605 549 643 proxima
574 605 724 643 competit
747 604 811 643 isti,

261 650 325 682 Sub
350 654 461 682 nostra
484 653 570 682 sorte

310 698 350 729 de
375 706 437 737 qua
460 696 497 728 fit
513 698 605 729 homo
623 697 692 729 sine
708 697 812 731 sorde.

227 779 233 785 ,
262 753 324 785 Est
347 753 416 785 sine
439 753 509 793 lege
534 754 635 794 patris

310 808 383 832 earo
401 800 479 839 nati,
502 809 583 840 quae
601 809 673 832 caro
691 800 812 839 matris,

261 846 306 878 Et
331 847 392 878 duo
418 849 492 880 sunt
517 849 549 878 et
571 847 666 888 idem,

312 892 416 926 differt
425 894 536 932 honor,
548 897 596 925 est
604 897 709 926 tamen
716 893 812 926 idem.

230 976 236 984 .
262 950 379 982 Matris
404 950 505 981 honor
530 951 614 981 totus

310 997 343 1028 in
368 999 410 1036 te,
436 996 490 1036 pie
513 998 595 1038 nate,
623 996 792 1037 redundat,

263 1044 370 1083 Atque
394 1046 447 1075 tuo
472 1045 577 1074 tecum

311 1098 370 1129 per
400 1092 435 1121 te
457 1092 513 1120 tua
536 1092 638 1121 mater
660 1089 813 1121 abundat.

232 1170 238 1178 .
265 1145 315 1176 Ne
336 1146 424 1184 quasi
450 1145 600 1177 dimidiae

311 1200 387 1231 pars
416 1192 546 1223 sordeat
568 1200 632 1222 una
654 1191 789 1231 Mariae,

265 1238 403 1278 Spiritus
428 1239 522 1277 atque
548 1246 619 1269 caro

311 1288 446 1316 vernant
468 1285 499 1315 in
524 1284 642 1316 lumine
667 1285 764 1316 claro.

224 1369 229 1374 .
262 1340 373 1372 Gaude
398 1344 430 1371 et
453 1340 583 1377 laetare,
611 1340 695 1380 Sion,

261 1387 364 1419 Natus
387 1388 422 1418 in
446 1390 479 1418 te
502 1387 589 1419 Deus
613 1387 706 1419 homo

265 1433 376 1466 Carnis
425 1440 557 1465 matrem
600 1434 732 1465 electam
774 1442 813 1465 ex

588 1480 727 1512 millibus

261 1527 424 1560 Fundavit
465 1527 648 1559 altissimam
694 1528 811 1559 altissi-

588 1583 667 1606 mue.

871 232 910 265 V.
940 231 979 262 In
1004 230 1079 262 Sion
1102 228 1191 269 prius
1216 227 1358 268 fundata,

870 1154 911 1185 A.

940 276 1034 308 Nunc
1056 276 1090 307 in
1114 276 1292 309 Jerusalem
1317 278 1366 307 est

938 323 1018 363 Ejus
1043 325 1183 362 potestas
1208 321 1342 355 firmata.

1057 406 1103 434 Ad
1122 406 1304 433 Benedictus.

940 465 1082 496 Aeterna
1105 466 1147 502 te,
1172 463 1288 502 Maria,

989 510 1080 542 decet
1103 510 1275 549 beatitudo,

940 556 990 589 De
1012 565 1074 596 qua
1097 557 1189 588 nobis
1214 557 1373 589 emanavit

987 612 1064 635 vera
1087 604 1273 642 redemptiO,

941 650 1019 688 Tua,
1047 658 1139 689 quam
1165 650 1305 690 colimus,

989 696 1083 728 beata
1106 697 1296 728 resurrectio

941 742 1030 776 Sicut
1054 742 1196 782 perfudit
1221 744 1348 782 angelos

991 788 1078 821 felici
1101 790 1226 832 gaudio,

943 836 996 869 Sic
1021 840 1052 868 et
1073 836 1163 868 nobis
1188 838 1391 876 peccatorum

988 882 1044 915 fiat
1068 883 1222 917 remissio.

1013 1023 1057 1054 In
1083 1024 1111 1054 2,
1141 1022 1165 1052 V
1178 1031 1245 1062 esp
1257 1023 1353 1057 eriS.

1061 1095 1106 1122 Aa
1124 1096 1302 1132 Magnificat.

940 1153 977 1185 In
998 1154 1046 1184 sui
1072 1154 1213 1193 corporis

990 1200 1221 1232 resurrectione

941 1246 1093 1278 Exsultat
1116 1246 1227 1278 bravio

991 1293 1127 1333 duplicis
1155 1301 1288 1325 coronae

942 1339 1049 1381 Virgo,
1075 1349 1133 1379 per
1158 1349 1251 1379 quam
1275 1339 1375 1372 fortes

987 1386 1079 1419 fimus
1103 1387 1137 1418 in
1161 1396 1272 1428 agone,

943 1433 1123 1466 serviamus
1150 1434 1178 1465 ei

989 1489 1058 1512 cum
1085 1481 1261 1520 devotione,

942 1526 988 1559 Ut
1011 1536 1067 1560 nos
1096 1537 1153 1559 sua
1177 1528 1286 1559 visitet

989 1574 1212 1609 consolatione,

268 1667 337 1694 Cod.
359 1666 498 1694 Graeeen.
522 1664 603 1694 1247.
624 1675 699 1694 saee.
721 1665 764 1693 12.
784 1682 824 1686 —
841 1667 885 1695 In
907 1665 931 1694 1.
951 1667 1057 1702 Ve⁰p.
1078 1665 1100 1692 Α
1122 1665 1148 1700 2,
1171 1664 1183 1677 ‘¹
1208 1676 1282 1702 quae
1299 1667 1379 1695 fehlt.
1409 1684 1430 1687 —
1453 1668 1496 1696 In

192 1703 219 1731 1.
238 1704 341 1732 Noet.
363 1703 385 1729 Α
405 1703 436 1738 4,
457 1703 474 1730 7
495 1706 602 1740 surget.
628 1718 661 1723 —-
681 1704 723 1731 In
742 1702 770 1731 2.
785 1705 889 1732 Noeta.
911 1703 931 1730 R
955 1702 986 1736 3,
1003 1702 1021 1732 ’ὃ
1042 1704 1140 1739 Cujus.
1164 1718 1201 1722 —
1222 1703 1242 1730 R
1264 1703 1295 1739 4,
1317 1703 1334 1732 9
1356 1713 1398 1741 sq.
1418 1706 1496 1733 Aute

190 1742 384 1807 nogisggmum
408 1742 485 1769 diem
511 1742 662 1769 suscitata.
690 1757 725 1762 —
745 1742 840 1770 Hiezu
861 1742 908 1770 die
930 1742 1036 1770 beiden
1055 1742 1194 1776 Hymwn
1214 1743 1299 1770 Anal.
1320 1744 1358 1771 IV
1385 1744 1436 1771 M.
1457 1741 1495 1771 88

190 1788 231 1807 un
311 1800 316 1806 .

614 1927 660 1958 59.
688 1927 723 1958 In
743 1927 961 1968 Assumptione
980 1927 1065 1959 BMV.

364 2015 644 2055 Antiphonae
888 2018 921 2052 2.
945 2016 1016 2049 Hae
1040 2017 1184 2057 profecto
1212 2019 1264 2050 die

228 2099 280 2128 per
298 2090 510 2119 hebdomadam
532 2090 568 2119 ad
588 2092 777 2120 Nocturnum.

205 2149 235 2182 1.
262 2149 412 2181 Immensi
437 2149 522 2188 regis

309 2197 454 2236 genetrix
480 2199 510 2228 et
533 2199 647 2231 cuneta
673 2197 810 2229 creantis

260 2242 382 2276 Eveeta
405 2246 454 2275 est
477 2243 574 2276 hodie
598 2244 742 2284 angelica

309 2298 406 2330 super
427 2291 554 2330 agmina
580 2293 703 2334 cuneta,

261 2336 301 2368 In
321 2336 424 2377 ¹iubilo
450 2338 536 2369 vocis

308 2383 467 2420 solvamus
492 2385 599 2420 munia
623 2385 739 2418 laudis.

990 2067 1145 2105 perpetua
1169 2065 1257 2106 virgo
1282 2067 1390 2099 Maria

945 2113 1057 2146 Caelos
1083 2113 1228 2145 aseendit

993 2162 1157 2200 terrasque
1181 2169 1298 2200 perosa
1321 2161 1460 2202 reliquit,

943 2207 1069 2246 Regnat
1092 2216 1177 2239 nune
1200 2209 1275 2248 quia
1301 2216 1372 2240 eum

994 2254 1131 2296 Christo,
1157 2254 1331 2294 laetamini,
1357 2264 1486 2295 quaeso.

887 2341 918 2373 3.
945 2339 1059 2379 Filius,
1086 2347 1171 2379 ecee,
1197 2339 1259 2371 Dei

990 2389 1144 2427 properat
1169 2395 1336 2419 occurrere
1360 2389 1466 2429 matri,

1269 2440 1330 2470 12*
