1652 2615
241 220 295 263 Ut,
322 220 350 251 si
375 219 505 251 fecundi
528 219 650 261 fierent,

240 266 376 299 Domino
401 268 522 306 prolem
546 267 695 299 sisterent

286 315 325 346 In
351 323 440 346 suum
464 312 620 345 famulari.

182 381 213 413 4.
240 380 425 412 Tristantur
449 379 577 412 tandem
600 381 700 422 unice,

241 427 327 459 Dum
353 426 477 466 perfert
500 437 520 459 a
543 426 692 466 pontifice

291 473 476 506 Sterilitatis
499 478 574 505 nota

242 520 384 552 Joachim
412 521 631 552 contumeliam

240 567 285 599 Et
309 576 367 607 per
391 567 537 599 ancillam
563 566 722 607 propriam

289 617 383 646 Anna
407 614 475 646 Deo
502 615 625 646 devota.

188 681 218 713 5.
245 680 320 711 Post
345 680 503 719 objectum
527 678 731 719 opprobrium

245 726 359 758 Votum
382 726 518 766 implens
543 726 703 757 humilium

290 773 423 806 Luctum
449 773 535 805 Deus
558 775 750 804 maestorum

245 821 350 852 Vertit
375 821 447 860 pius
470 821 504 851 in
529 820 688 859 gaudium,

246 866 393 899 Gloriosa
416 867 571 899 sterilium

293 915 389 947 Prole
412 913 587 945 fecundans
613 913 752 945 chorum.

363 1007 409 1035 Ad
428 1008 459 1035 Μ
462 1006 608 1043 agnificat.

177 1076 216 1107 A.
246 1077 374 1108 Aurora
397 1075 497 1114 surgit
522 1074 666 1115 celebris,

247 1122 354 1155 Oritur
378 1122 431 1153 lux
459 1122 498 1153 de
522 1120 672 1160 tenebris,

294 1168 344 1200 De
367 1168 466 1207 spinis
491 1168 600 1208 prodit
624 1176 705 1205 rosa,

247 1215 271 1248 O
297 1215 497 1247 Hierusalem
520 1214 615 1254 filiae,

243 1263 314 1296 Jam
338 1270 455 1301 sponsa
480 1262 547 1301 regi
572 1261 691 1302 gloriae

289 1310 426 1342 Paratur
453 1309 606 1348 speciosa,

242 1358 314 1390 Jam
339 1359 477 1393 vocatur,
505 1359 541 1387 ut
565 1356 678 1395 veniat,

243 1404 314 1436 Jam
341 1403 461 1435 cantico
487 1402 687 1442 pronuntiat:

290 1450 390 1490 Nigra
414 1459 491 1489 sum,
519 1450 576 1481 sed
601 1448 748 1481 formosa.

311 1583 372 1615 Ad
396 1583 661 1616 Matutinum.

378 1667 594 1694 Invitatorium.

246 1734 437 1773 Conceptam
467 1736 599 1764 matrem
623 1733 751 1765 Domini

296 1781 383 1812 Votis
411 1780 549 1812 colentes
574 1781 666 1812 almis

245 1827 362 1860 Divino
387 1828 498 1859 laudes
522 1828 640 1859 nomini

292 1875 468 1907 Jubilemus
492 1875 526 1906 in
550 1874 691 1916 psalmis,

306 2001 352 2033 In
380 2001 410 2032 1.
435 1999 666 2032 Nocturno.

379 2083 573 2119 Antiphonae.

187 2153 217 2186 1.
244 2152 338 2185 Nova
362 2151 503 2184 facturus
529 2151 634 2182 omnia

241 2199 335 2231 Nova
358 2199 468 2231 matris
492 2198 669 2238 primordia

290 2246 382 2279 Novo
407 2247 524 2279 lustrat
550 2247 674 2284 decore,

245 2295 292 2328 Ut
316 2293 465 2326 novitatis
491 2294 594 2334 gratia

245 2342 332 2374 Deus
358 2340 515 2372 hominem
540 2341 642 2381 gloria

296 2389 431 2422 Coronet
455 2392 485 2420 et
509 2389 639 2421 honore.

863 223 893 255 2.
919 221 956 252 In
981 219 1047 251 sole
1070 218 1305 250 tabernaculum

920 266 1034 298 Vatum
1061 266 1251 305 descriptum
1278 265 1396 297 calamo

966 314 1053 345 Deus
1078 313 1139 344 sibi
1163 312 1326 344 stabiliens

922 361 1000 393 Viae
1026 360 1165 400 disponit
1188 360 1357 400 modulum,

923 409 1018 447 Quam
1046 410 1151 439 currat
1172 410 1206 438 ut
1233 407 1272 438 de
1295 407 1432 438 thalamo

968 455 1030 486 Suo
1055 462 1187 494 sponsus
1211 454 1427 493 progrediens.

865 532 896 563 3.
921 530 1035 562 Manus
1059 529 1342 569 innocentissimae,

924 577 984 609 Cor
997 577 1157 615 mundum,
1171 576 1323 616 splendor
1335 577 1468 617 animae,

969 623 1042 655 Non
1066 625 1099 655 in
1124 633 1238 656 vanum
1263 627 1421 666 acceptae,

922 672 1020 704 Bases
1045 673 1077 702 et
1101 671 1249 711 epistylia

922 719 1001 751 Sunt
1027 719 1136 750 domus
1162 718 1221 750 Dei
1245 718 1348 756 gloria

969 765 1127 797 Virtutum
1153 766 1390 804 circumseptae.

1059 877 1263 912 Responsoria.

866 954 896 986 1.
923 954 1006 985 Dum
1030 952 1203 986 fabricator
1227 954 1365 985 omnium

923 1001 1014 1033 Omni
1040 1001 1128 1032 carni
1154 1000 1305 1032 diluvium

970 1048 1097 1079 Inducit
1120 1056 1177 1087 pro
1203 1049 1353 1088 peccatis,

924 1095 991 1126 Noe
1013 1096 1098 1134 „iusto
1121 1095 1334 1136 praenuntiat,

923 1142 968 1174 Ut
991 1149 1098 1173 arcam
1122 1141 1183 1172 sibi
1208 1140 1305 1172 faciat

968 1189 1019 1220 Ex
1043 1187 1137 1227 lignis
1163 1188 1329 1227 levigatis3

850 1236 889 1268 V.
917 1236 977 1275 Qui
1001 1236 1088 1275 ligna
1112 1243 1250 1275 purgans
1275 1235 1432 1266 sarcinam

966 1282 1104 1321 Deponit
1127 1282 1302 1323 gravitatis,

920 1330 989 1362 Sibi
1014 1330 1142 1369 suisque
1167 1329 1344 1361 machinam

966 1376 1108 1409 Salubris
1138 1385 1256 1415 parans
1279 1377 1368 1409 ratis.

862 1456 893 1486 2.
920 1453 1093 1493 Lignorum
1117 1452 1275 1494 levigatio,

924 1501 986 1533 Per
1010 1508 1102 1540 quam
1128 1508 1222 1530 arcae
1248 1500 1364 1531 creatio

972 1547 1107 1580 Paratur
1131 1547 1288 1585 salutaris,

925 1594 1095 1627 Puritatem
1124 1593 1253 1633 originis

926 1641 1110 1681 Praesignat
1135 1642 1238 1672 almae
1262 1640 1402 1680 virginis,

973 1689 1102 1720 Honore
1126 1688 1313 1727 singularis3

885 1763 892 1770 ,
924 1737 948 1770 O
975 1733 1050 1766 felix
1075 1735 1246 1775 generatio,

973 1783 1068 1822 Cujus
1093 1782 1183 1814 donis
1208 1781 1382 1821 praeclaris

926 1828 1092 1864 Profertur
1116 1829 1296 1861 benedictio

971 1877 1132 1911 Promissa
1157 1876 1217 1909 Dei
1244 1877 1334 1909 caris.

892 1982 899 1989 .
925 1954 977 1988 Ne
1002 1954 1106 1986 carnis
1133 1953 1238 1986 danda
1261 1954 1356 1985 nexui

926 2003 1038 2035 Posset
1066 2001 1170 2033 anima
1195 2001 1294 2040 pollui

974 2048 1140 2089 corporali
1163 2047 1323 2088 figmento,

925 2099 1048 2138 Corpus
1073 2105 1137 2128 non
1163 2095 1302 2128 dandum
1327 2095 1426 2127 cineri

924 2145 1070 2179 Docebat
1092 2143 1242 2175 munuum
1269 2141 1340 2175 fieri

975 2191 1106 2225 Gratiae
1131 2191 1369 2231 supplement03

855 2243 893 2274 V.
923 2241 958 2274 Si
982 2240 1055 2280 pius
1082 2248 1173 2278 quam
1200 2246 1314 2276 corpus
1339 2236 1439 2267 anima

972 2289 1020 2322 Sit
1045 2296 1101 2321 suo
1128 2286 1324 2325 documento,

926 2338 976 2370 De
1004 2340 1105 2369 matre
1132 2335 1218 2365 curet
1246 2331 1365 2372 optima

981 2384 1122 2418 Christus
1151 2379 1240 2420 sequi
1263 2381 1429 2411 memento.

1269 2434 1310 2465 ὃ*
