1652 2615
700 149 954 183 —158-a

254 243 460 284 Resurgentis

302 299 364 322 non
392 298 503 329 expers
525 290 631 329 gaudii

254 337 467 377 Regnaturum

302 384 403 415 cernit
425 391 483 421 per
507 383 642 415 saecula.

218 454 224 461 .
255 430 371 468 Quarta
394 431 576 467 resurgente

299 475 336 507 fit
360 475 484 507 Ghr1sto
508 484 599 506 mane
623 476 753 507 nitente.

219 556 225 563 .
252 531 420 562 Exaltatur

299 578 340 609 ad
365 576 445 609 caeli
467 577 603 608 culmina

251 623 336 655 Hinc
359 626 536 662 assumptus

297 671 389 702 nubis
418 670 576 710 obsequio,

252 718 447 750 Comitantur

295 765 439 803 polorum
462 764 595 804 agmina,

251 811 377 843 Gaudet
397 813 498 842 mater

296 859 446 897 regnante
467 856 543 891 filio.

210 929 217 935 .
253 904 367 942 (Quinta
391 904 451 935 fuit
472 904 538 935 nati

295 951 389 983 terris
413 959 509 990 super
532 954 619 983 astra
641 952 748 985 levati.

218 1031 224 1037 .
251 1006 368 1037 Faetus
394 1006 433 1039 de
458 1007 543 1038 caelo
568 1008 688 1039 sonitus

290 1054 439 1085 Fratrum
464 1053 598 1092 replevit
621 1054 741 1093 intima,

247 1099 366 1131 Missus
390 1101 423 1131 in
447 1099 520 1138 igne
544 1101 675 1139 spiritus

294 1146 386 1177 Dona
409 1146 556 1188 praebuit
577 1148 704 1186 optima,

252 1192 376 1224 Gaudet
399 1196 501 1223 mater
525 1201 593 1224 cum
617 1193 740 1233 genitus

294 1239 372 1270 Tam
395 1238 576 1271 sublimavit
599 1239 715 1273 infima.

209 1310 215 1316 .
246 1285 341 1316 Venit
363 1286 396 1316 in
420 1285 493 1324 igne
518 1286 624 1317 datum

298 1340 363 1362 eum
390 1334 481 1363 sexta
504 1341 638 1373 pneuma
659 1333 792 1365 beatum.

311 1454 356 1485 In
382 1455 413 1486 3.
438 1453 663 1487 Nocturno.

393 1526 586 1561 Antiphonae.

214 1610 220 1616 .
247 1584 443 1615 Annuntient
466 1584 548 1615 inter
572 1587 680 1623 gentes

293 1629 386 1661 Nune
413 1633 592 1670 assumptae
615 1630 761 1670 gaudium

247 1677 360 1708 Matris
383 1677 416 1708 in
441 1677 556 1708 mundo
579 1678 727 1718 degentes

292 1723 336 1755 Et
359 1726 493 1763 poscant
516 1724 705 1764 suffragium.

212 1803 218 1809 .
245 1779 314 1810 Lux
335 1780 421 1818 Justo
444 1782 519 1811 tunc
545 1783 593 1811 est
618 1783 736 1818 exorta,

292 1826 373 1857 Dum
403 1825 505 1858 Maria
528 1828 678 1868 nascitur,

246 1872 410 1905 Patefaeta
433 1873 517 1904 vitae
540 1877 643 1914 porta,

293 1919 422 1958 Quando
448 1919 591 1952 Christus
614 1921 755 1953 moritur.

211 2000 217 2006 .
245 1975 360 2007 Notum
384 1975 463 2006 feeit
486 1976 624 2008 salutare

292 2022 410 2053 Parens
435 2031 545 2053 munus
570 2024 699 2064 regium,

244 2069 391 2108 Surgens,
415 2069 569 2100 scandens
595 2070 779 2102 confirmare

292 2115 485 2147 Conscensus
511 2117 700 2148 caelestium.

385 2190 590 2224 Responsoria.

210 2274 216 2280 .
243 2245 410 2278 Elisabeth

288 2291 393 2325 infans
418 2293 451 2324 in
474 2295 565 2325 utero

244 2340 341 2372 Verbi
366 2342 497 2373 matrem

292 2387 404 2420 adesse
431 2389 605 2429 praedicat,

854 431 892 463 V.

865 545 897 575 2.

860 2044 890 2076 3.

925 242 1123 275 Exsultando

974 290 1059 320 venti
1086 289 1265 321 christifero

926 336 967 368 Se
991 336 1177 375 prophetam

973 386 1002 414 et
1027 386 1159 413 matrem
1181 381 1312 413 indicat.

921 430 1004 462 Dum
1025 437 1105 468 puer
1130 428 1276 469 exsultat,

969 479 1071 508 mater
1101 475 1259 514 propheta
1282 474 1425 505 resultat.

924 541 1130 575 Gratulanter

972 589 1012 620 de
1035 591 1122 619 terra
1146 587 1271 619 vehitur

925 635 1042 669 Christi
1066 638 1168 666 mater

969 682 1011 714 ad
1035 682 1122 721 regni
1147 682 1269 722 solium,

923 731 1035 768 Carne,
1061 731 1166 760 mente

969 776 1089 807 eunctis
1116 775 1332 815 praeponitur,

923 823 1069 856 Gloriosa

969 870 1072 901 choris
1097 868 1290 902 caelestium.

922 917 1061 956 Septimo
1089 917 1237 955 laetatur,

970 973 1039 995 cum
1064 963 1160 994 caelis
1184 963 1273 1001 virgo
1298 962 1419 995 beatur.

922 1029 1096 1071 Intercede,
1123 1031 1225 1060 mater
1250 1027 1378 1067 Christi,

967 1077 1030 1108 Pro
1053 1078 1085 1107 te
1109 1074 1344 1114 venerantibus,

923 1123 1056 1162 Gaudia,
1083 1131 1163 1162 quae
1186 1121 1338 1160 meruisti,

968 1169 1128 1201 Praebens
1158 1168 1420 1208 supplicantibus,

919 1217 1061 1250 Tandem
1087 1217 1169 1248 victo
1194 1216 1284 1247 hoste
1307 1215 1392 1246 tristi

964 1263 1030 1295 Nos
1051 1264 1148 1303 junge
1171 1262 1385 1303 regnantibus.

918 1312 982 1344 Ora
1006 1319 1092 1349 voce,
1118 1310 1180 1352 pia,

967 1366 1026 1396 pro
1049 1357 1150 1395 nobis,
1176 1357 1265 1395 virgo
1290 1356 1403 1387 Maria.

1008 1488 1053 1519 In
1079 1486 1305 1519 Laudibus.

1057 1571 1251 1605 Antiphonae.

886 1655 892 1661 .
917 1629 1052 1660 Domum
1076 1630 1173 1667 tuam,
1198 1627 1344 1668 Domine,

964 1674 1067 1706 Decet
1092 1674 1283 1714 sanctitudo,

916 1723 1014 1762 Quam
1037 1720 1113 1752 feeit
1136 1722 1169 1752 in
1195 1721 1317 1760 virgine

965 1769 1092 1800 Summa
1117 1768 1281 1800 celsitudo.

917 1837 1072 1869 Intremus
1096 1835 1130 1866 in
1155 1835 1237 1866 atria

963 1882 1066 1921 Digne
1094 1883 1209 1913 mentis
1233 1882 1306 1920 piae

919 1929 1140 1967 Depromendo
1168 1928 1284 1968 gaudia

962 1976 1102 2016 Virginis
1125 1976 1259 2007 Mariae.

916 2043 1018 2074 Terra
1042 2043 1131 2074 dedit
1154 2042 1245 2074 nobis
1270 2040 1404 2074 fructum

964 2089 1052 2121 Caeli
1076 2088 1147 2120 fusa
1170 2097 1253 2128 rore,

917 2136 1065 2168 Gaudens
1090 2136 1176 2167 tollit
1197 2136 1286 2168 Evae
1310 2137 1428 2169 luctum

962 2182 1047 2214 Nato
1072 2183 1241 2215 salvatore.

914 2249 1109 2282 Benedicant
1136 2251 1241 2282 omnia

964 2297 1100 2328 Matrem
1125 2298 1304 2338 salvatoris,

916 2344 1001 2383 Quae
1029 2353 1087 2383 per
1111 2347 1231 2384 septem
1256 2347 1373 2385 gaudia

964 2392 1069 2423 Donet
1091 2392 1156 2424 vim
1181 2394 1306 2429 amoris
