1652 2615
730 135 987 171 —155-

229 228 261 260 4.
288 227 393 268 Salve,
422 231 526 260 mater
549 231 698 273 gratiosa,

288 275 375 313 Quae
399 274 489 307 fuisti
514 276 660 310 dolorosa

334 322 487 354 Passione
510 322 580 364 filii,

287 368 380 400 Nunc
405 378 475 400 oum
500 378 536 402 eo
562 371 734 404 dominaris

284 415 328 446 Et
353 417 464 456 regina,
487 419 681 457 nuncuparis

336 464 490 496 Caelestis
520 465 653 499 consilii.

252 564 259 570 .
287 538 392 581 Salve,
424 542 527 571 mater
551 541 744 582 angelorum,

285 586 388 617 Tuum
411 590 532 626 septem
559 588 745 627 gaudiorum

333 633 437 664 Instat
461 632 576 665 festum
600 635 714 675 hodie;

283 679 369 720 Ergo
395 681 525 712 chorum
550 681 732 720 adjuvando

284 727 321 758 In
344 728 511 767 psallendo
536 731 568 759 et
591 731 747 761 cantando

330 775 421 815 Veni,
447 779 550 807 mater
574 776 704 816 gloriae.

402 879 447 906 Ad
467 879 646 915 Magnificat.

243 972 250 978 .
281 947 378 978 Alma
401 947 463 979 Dei
488 948 642 987 genetrix,

329 1000 386 1025 tua
409 995 514 1034 gratia
536 1002 661 1034 semper
683 995 834 1032 abundat,

282 1041 421 1081 Spiritus
447 1045 594 1073 aeternus

328 1097 460 1120 munera
486 1089 603 1128 datque
627 1089 696 1129 tibi,

279 1135 326 1166 Te
352 1137 453 1176 decet,
479 1137 545 1167 alta
567 1143 693 1178 parens,

331 1183 460 1214 calamis
484 1184 699 1222 praestantior
723 1182 823 1214 omnis

281 1229 427 1269 Quasque
451 1232 556 1269 potest
580 1230 691 1262 laudes

326 1278 359 1308 in
384 1280 439 1308 tua
462 1277 583 1316 templa
606 1275 699 1308 ferat.

300 1428 362 1459 Ad
392 1427 734 1467 Completorium.

343 1523 437 1557 Super
458 1523 544 1550 Nunc
563 1522 697 1549 dimittis.

238 1617 244 1623 .
276 1591 357 1630 Ave,
382 1590 497 1630 Maria,
523 1589 667 1629 genetrix
692 1590 756 1629 pia,

277 1637 389 1669 Gratia
411 1638 518 1679 plena,
543 1637 632 1676 virgo
657 1645 779 1680 serena,

276 1685 430 1716 Dominus
471 1687 591 1724 tecum,
634 1686 669 1715 tu
707 1692 830 1724 quoque

601 1739 733 1773 mecum,

275 1778 452 1810 Benedicta
476 1781 511 1808 tu
535 1778 569 1809 in
593 1778 790 1821 mulieribus,

276 1825 380 1859 Castis
393 1825 522 1865 pariens
530 1824 632 1857 Deum
642 1825 827 1864 visceribus,

275 1873 319 1905 Et
342 1872 528 1905 benedictus
553 1871 675 1905 fructus

274 1920 324 1952 Ex
346 1921 481 1952 hortulo·
498 1920 685 1961 productus,

272 1968 410 2000 Fructus
436 1968 558 2000 ventris
582 1968 639 2009 tui,

272 2017 377 2059 Jesus,
408 2016 457 2047 cui

271 2064 366 2103 Voce,
394 2064 475 2096 votis
500 2063 655 2106 omnibus,

270 2112 347 2144 Tuis
380 2112 483 2152 dignis
507 2111 656 2151 precibus

270 2159 403 2200 Semper
428 2159 642 2192 commendari

269 2208 377 2248 Atque
399 2207 515 2239 sociari

269 2256 308 2287 In
334 2255 421 2287 caelo
448 2263 574 2286 sursum

268 2304 347 2335 Post
369 2303 456 2334 vitae
481 2311 606 2333 cursum

269 2350 467 2390 Flagitamus
493 2352 524 2380 et
548 2358 685 2389 oramus,

271 2399 296 2430 O
321 2397 377 2437 pia
401 2397 517 2430 Maria.

1028 233 1089 264 Ad
1115 232 1382 266 Matutinum.

1091 307 1306 335 Invitatorium.

967 365 1140 406 Festinate,
1164 365 1331 397 adoremus

1014 412 1132 452 Regem
1157 422 1265 453 regum
1290 411 1437 451 omnium,

968 459 1144 491 Gloriosam
1169 462 1205 491 ut
1228 460 1392 491 laudemus

1012 506 1057 538 Et
1081 508 1220 547 reginam
1246 506 1411 546 virginum.

1030 629 1074 661 In
1100 630 1131 662 1.
1153 630 1379 661 Nocturno.

1111 704 1180 731 Anti
1184 704 1309 739 phonae.

932 786 939 792 .
964 761 1013 792 De
1046 763 1132 793 caelo
1155 762 1269 793 missus
1293 761 1421 793 nuntius

1012 809 1139 841 Cinctus
1164 811 1252 841 veste
1276 816 1398 849 serena,

965 856 1129 895 Ingressus
1154 856 1200 887 ait
1224 856 1370 895 angelus:

1014 903 1090 943 Ave,
1116 903 1218 943 gratia
1241 903 1347 941 plena.

932 985 937 991 .
965 958 1112 990 Gaudent
1136 961 1222 991 astra
1246 958 1411 997 matutina,

1009 1005 1093 1036 Dum
1116 1006 1205 1046 virgo
1230 1006 1395 1044 salutatur,

961 1052 1006 1083 Et
1030 1061 1084 1083 cor
1108 1053 1175 1092 ejus
1200 1053 1241 1084 ad
1268 1052 1375 1083 divina

1014 1097 1187 1131 Confestim
1209 1098 1431 1131 inflammatur.

930 1180 937 1186 .
964 1155 1057 1186 Hanc
1082 1155 1165 1186 diem
1188 1154 1265 1186 fecit
1288 1155 1451 1196 Dominus,

1009 1201 1098 1233 Mors
1114 1203 1148 1233 in
1165 1211 1226 1242 qua
1242 1202 1344 1233 tristis
1356 1203 1514 1244 perditur,

962 1249 1143 1288 Assumpsit
1167 1258 1292 1280 carnem
1318 1249 1453 1280 hominis

1009 1295 1186 1336 Conceptus
1211 1296 1297 1328 Deus
1321 1296 1446 1329 colitur.

1019 1418 1064 1450 In
1089 1421 1120 1451 2.
1146 1419 1203 1450 No
1217 1421 1380 1450 cturno.

1103 1493 1299 1529 Antiphonae.

924 1579 932 1585 .
960 1552 1006 1585 Ut
1030 1555 1195 1591 cognatam
1219 1551 1362 1583 visitavit

1005 1599 1067 1630 Per
1091 1602 1211 1631 montes
1236 1602 1338 1630 mater
1361 1599 1425 1638 pia,

956 1645 1067 1678 Infans
1091 1648 1220 1678 tandem
1246 1646 1426 1683 exsultavit,

1004 1693 1087 1724 Dum
1110 1694 1244 1725 intravit
1267 1693 1382 1724 Maria.

923 1775 930 1782 .
956 1750 1017 1788 Eu,
1044 1753 1154 1781 sancta
1179 1750 1339 1788 salutatio,

1004 1799 1033 1829 A
1062 1797 1216 1829 matribus
1240 1800 1369 1828 notatur

954 1844 1106 1877 Miranda
1135 1844 1277 1884 operatio

1003 1891 1047 1923 Et
1072 1893 1203 1932 spiritus
1231 1892 1375 1923 donatur.

923 1976 929 1982 .
956 1948 1117 1989 Superbos
1143 1949 1240 1981 corde
1263 1948 1400 1990 projecit

1002 1996 1140 2029 Humilis
1164 1997 1235 2037 ipse
1257 1996 1355 2037 Deus,

955 2044 1015 2083 Qui
1039 2046 1152 2084 potens
1178 2047 1234 2083 est,
1261 2053 1375 2084 magna
1400 2042 1477 2075 fecit

1002 2092 1047 2124 Et
1066 2095 1211 2124 sanctum
1232 2100 1346 2123 nomen
1373 2092 1451 2130 ejus.

1017 2216 1061 2248 In
1087 2219 1118 2250 3.
1145 2216 1372 2248 NocturnO.

1098 2291 1207 2326 Antiph
1211 2299 1293 2319 onae.

900 2350 932 2383 1.
956 2350 1044 2382 Deus
1070 2354 1102 2382 et,
1124 2350 1218 2382 homo
1243 2348 1384 2381 nascitur

1000 2397 1051 2429 De
1074 2397 1180 2429 Maria
1202 2396 1326 2436 virgine
