1652 2615
744 127 973 160 -99-

397 216 442 244 Ad
461 217 639 254 Magnificat.

212 275 251 304 A.
286 273 394 305 Omnis
421 278 550 306 causata
574 275 698 307 bonitas

331 320 462 353 Beatam
489 321 570 353 dono
594 322 714 361 gloriae

380 366 462 399 Voce
487 368 622 400 Mariam
648 369 755 401 valida

427 414 558 447 Nitatur
584 416 751 456 exlamare,

287 461 385 499 Quam
412 462 546 494 celebris
571 463 744 502 humilitas,

334 508 409 539 Pius
436 509 546 540 dulcor
573 509 766 548 clementiae,

379 554 502 587 Caritas
526 558 631 587 movet
655 554 780 588 fervida

425 603 594 634 Parentem
619 602 759 636 visitare.

284 648 421 687 Quarum
446 649 597 680 virtutum
623 649 725 688 gratia

334 695 416 727 Suae
440 696 554 727 mentis
583 696 776 734 spiraculum

375 743 461 774 Ante
488 743 630 774 datorem
655 742 807 774 luminum

422 789 592 829 Expressit
616 790 784 829 exsultare,

287 836 401 876 Sicque
425 840 551 876 sumpta
574 835 693 868 fiducia

329 882 459 915 Sacrum
484 884 617 916 dictavit
642 883 807 925 canticum,

379 929 445 968 Quo
475 931 698 970 plasmatorem
722 930 830 963 Domi-

607 987 680 1008 num

423 1024 526 1056 Docet
549 1023 759 1063 magnificare.

345 1136 406 1168 Ad
431 1137 692 1168 Matutiuum.

411 1209 628 1237 Invitatorium.

278 1269 372 1299 Actio
396 1269 507 1300 matris
532 1267 663 1307 virginis

328 1314 450 1346 Devote
474 1315 642 1354 recolatur,

279 1362 345 1400 Qua
370 1361 526 1394 salutatur
550 1362 667 1393 sterilis

325 1408 368 1440 Et
392 1408 498 1441 infans
520 1408 722 1449 jucundatur.

336 1532 381 1563 In
408 1533 439 1565 1.
467 1532 698 1563 Nocturno.

419 1606 612 1642 Antiphonae.

222 1664 253 1696 l.
280 1663 405 1694 Sterilis
431 1673 489 1703 per
514 1664 693 1703 prodigium

323 1710 447 1742 Mariae
473 1711 716 1749 demonstratur,

280 1757 371 1795 Quod
396 1758 526 1789 verbum
551 1757 653 1797 patris
677 1755 803 1787 unicum

328 1804 377 1835 Ex
400 1804 470 1844 ipsa
496 1806 674 1844 generatur.

219 1862 250 1893 2.
280 1861 374 1900 Virgo
399 1862 467 1892 sine
492 1859 661 1892 formidine

327 1907 446 1940 Nuntio
472 1908 646 1940 causatoiis

280 1956 440 1995 Cognatae
466 1956 505 1987 de
528 1955 704 1995 propagine

324 2003 439 2035 Fidem
465 2003 598 2043 praebet
622 2002 762 2036 honoris,

219 2062 250 2094 3.
276 2060 371 2092 Fidei
396 2061 497 2092 claret
520 2059 640 2093 mansio

322 2108 360 2140 In
387 2107 509 2148 virgine
539 2107 641 2148 beata,

277 2155 361 2187 Dum
386 2156 428 2187 ad
452 2157 617 2195 parentem
641 2153 764 2186 scansio

326 2202 467 2234 Sumitur
491 2205 597 2234 mente
621 2204 721 2241 grata.

409 2278 614 2312 Responsoria.

219 2336 249 2368 1.
277 2335 365 2367 Pium
392 2335 506 2368 mentis
531 2335 680 2366 viaticum

324 2382 423 2414 Fides
447 2382 595 2421 initiavit,

898 1476 929 1507 1.

963 221 1114 259 Inceptae
1138 221 1207 252 viae
1229 220 1365 251 medium

1009 267 1088 306 Spes
1112 267 1204 299 firma
1227 267 1368 306 sociavit,

962 315 1093 353 Triplex
1119 323 1192 354 ergo
1215 314 1406 353 principium

963 361 1086 393 Mariae
1110 360 1319 400 theologicum

1012 409 1216 448 Progressum
1241 408 1475 439 consummavit.

928 489 935 496 .
961 464 1130 496 Parentem
1154 464 1257 503 pluris
1281 463 1433 503 temporis

1010 511 1132 543 Devote
1152 511 1284 550 visitari,

960 559 1127 589 Ferentem
1150 558 1273 597 pondus
1298 557 1446 597 genuinis

1008 605 1141 636 Attente
1166 604 1331 644 consolari,

961 650 1028 681 Lex
1054 650 1154 683 dictat
1178 651 1389 691 gratitudinis,

1009 697 1211 735 Quamlibet
1233 697 1370 736 imitari,

957 743 1028 775 Hoc
1052 747 1124 775 actu
1148 752 1259 775 sacrae
1282 744 1412 784 virginis

961 791 1086 829 Agnata
1111 792 1159 822 sui
1184 791 1307 830 generis

1004 836 1156 869 Noscitur
1181 836 1368 870 confirmari.

925 918 931 924 .
958 893 1047 925 Haec
1071 894 1201 933 ampliat
1223 893 1344 932 jejunia

1003 940 1154 972 Precibus
1180 940 1368 979 commitata,

959 987 1058 1019 Sacra
1082 988 1188 1019 studet
1214 987 1338 1026 eloquia

1005 1034 1183 1065 Virtutibus
1209 1036 1329 1073 ornata,

955 1080 1075 1112 Cuncta
1098 1081 1221 1120 spernit
1245 1081 1369 1119 eloquia

1005 1127 1159 1159 Sordibus
1186 1127 1341 1165 copulata.

957 1173 1037 1204 Dum
1065 1175 1129 1205 stat
1152 1174 1186 1204 in
1211 1176 1281 1205 arta
1306 1173 1402 1212 curia,

958 1220 1048 1251 Haec
1073 1221 1226 1260 virginum
1254 1220 1385 1259 collegia

1006 1266 1103 1306 Virgo
1131 1267 1222 1299 docet
1246 1270 1380 1300 sacrata.

1017 1360 1063 1392 In
1090 1363 1119 1394 2.
1147 1361 1375 1392 Nocturno.

1100 1426 1294 1461 Antiphonae.

953 1474 1059 1505 Maria
1086 1474 1178 1505 docet
1201 1474 1339 1505 studium

1004 1520 1139 1553 Servare
1162 1521 1301 1560 pietatis,

955 1569 1037 1600 Dum
1062 1568 1213 1608 gravidae
1238 1568 1408 1599 triclinium

1004 1615 1120 1647 Visitat
1146 1616 1217 1654 ipsa
1241 1615 1350 1654 gratis,

958 1672 1084 1703 Castum
1111 1680 1178 1702 cum
1206 1671 1294 1710 prole
1320 1673 1492 1709 praemium

1003 1719 1134 1750 Parenti
1158 1720 1313 1748 monstrat
1338 1720 1451 1759 ratum,

960 1766 1037 1798 Cum
1063 1764 1124 1796 Dei
1149 1765 1250 1803 patris
1274 1763 1374 1795 filium

1005 1812 1099 1843 Suum
1127 1811 1269 1843 declarat
1292 1814 1409 1843 natum.

957 1867 1154 1901 Humilitatis
1179 1867 1320 1907 regulam

1002 1915 1113 1947 Monet
1138 1917 1266 1946 cunctos
1291 1923 1407 1953 amare,

956 1963 1036 1995 Dum
1064 1963 1113 1994 sui
1137 1962 1204 1993 nati
1223 1960 1370 1993 famulam

1003 2010 1138 2049 Inquirit,
1161 2010 1326 2041 honorare.

1093 2084 1300 2120 Responsoria.

923 2169 929 2176 .
955 2141 1111 2175 Doctrina
1136 2142 1251 2173 clamat
1276 2141 1427 2181 physica:

956 2190 1062 2222 Prima
1084 2189 1198 2221 mentis
1223 2189 1336 2220 notitia

1002 2238 1032 2269 A
1057 2244 1152 2268 sensu
1176 2239 1361 2276 generatur3

955 2284 1080 2317 Mariae
1105 2284 1198 2316 docet
1221 2283 1347 2322 regula:

956 2331 1104 2372 Vulgaris
1129 2331 1208 2362 haec
1234 2329 1349 2369 peritia

1003 2379 1074 2411 Non
1099 2385 1225 2417 semper
1250 2375 1457 2416 approbatur.

1293 2430 1309 2458 ''⁸‘'
1325 2430 1335 2441 ¹:
