1652 2615
243 230 386 267 Adstitit,
412 230 485 261 huic
510 230 570 261 soli

287 277 400 308 missus
425 276 463 307 ab
490 284 562 308 arce
585 277 660 315 poli.

187 333 218 364 2.
243 332 303 363 Est
327 333 461 372 pavidus
486 332 615 363 multum

287 379 442 410 Gabrielis
468 387 595 410 cernere
620 379 749 417 vultum,

241 425 334 464 Cujus
360 428 427 456 erat
450 424 569 464 species

285 474 318 502 ut
345 471 504 509 duplicata
530 470 607 502 dies.

181 529 212 559 3.
238 526 306 557 Non
333 528 416 559 time.
442 536 506 566 pax
530 526 588 556 tibi
614 527 664 566 sit,

284 574 371 605 Deus
386 572 497 612 inquit,
515 581 565 604 me
580 574 673 605 modo
686 573 781 614 misit,

241 618 348 663 Grata,
374 628 452 657 quae
477 620 546 651 dico
568 620 636 659 tibi,

283 669 356 697 sunt
379 669 433 697 tua
455 670 527 698 vota
551 666 621 698 sibi.

372 730 574 765 Responsoria.

182 779 211 810 1.
239 777 313 809 Cum
339 786 434 818 genus
459 779 623 810 humanum

283 827 372 856 vetus
396 824 494 856 hostis
519 826 745 864 suppeditaret,

240 870 314 902 Cum
338 870 456 910 pietate
479 881 602 903 manum

286 917 372 948 Deus
396 918 511 960 intulit,
537 920 573 948 ut
596 919 761 959 relevaret,

239 965 338 995 Verus
363 963 453 995 homo
478 964 545 996 fieri

281 1010 449 1049 populique
473 1012 581 1042 volens
604 1011 765 1050 misereri3

169 1056 206 1088 V.
237 1057 280 1089 Ut
306 1055 426 1088 faceret
449 1058 579 1096 salvum,

284 1112 345 1134 non
372 1103 500 1142 virginis
525 1104 647 1135 horruit
664 1105 776 1136 alvum.

180 1155 210 1185 2.
236 1153 285 1184 De
308 1153 416 1185 radice
439 1154 544 1187 David

276 1199 416 1231 Joac-him
442 1199 503 1231 fuit
526 1203 611 1232 ortus
638 1204 669 1232 et
685 1202 778 1233 Anna

235 1247 327 1277 Prole
351 1246 495 1286 tribuque
519 1247 607 1284 Levi,

281 1291 339 1323 fuit
364 1300 402 1323 cx
426 1293 474 1323 his
497 1296 566 1325 orta
589 1294 704 1335 Maria,

165 1339 202 1370 V.
232 1338 327 1377 Virgo
352 1339 523 1371 sacerdotis

278 1385 450 1424 summique
470 1395 628 1425 puerpera
650 1387 743 1427 regis.

177 1437 207 1469 3,
233 1437 318 1467 Ante
342 1436 441 1467 Deum
462 1437 540 1476 J'usti

278 1482 402 1521 populis
426 1484 544 1522 pietate
569 1485 689 1516 venusti

234 1529 378 1560 Partibus
402 1530 435 1560 in
459 1531 550 1561 trinis

278 1575 394 1614 templo
419 1576 509 1607 simul
535 1579 566 1607 et
589 1577 771 1617 peregrinis.

167 1623 202 1655 V.
235 1621 368 1660 Propria
391 1623 560 1661 tradenteS,

278 1669 375 1700 solam
399 1673 520 1707 partem
545 1669 725 1701 retinentes.

292 1743 337 1775 In
364 1744 394 1776 2.
421 1742 645 1777 Nocturnc.

377 1797 569 1833 Antiphonae.

178 1845 207 1878 1.
232 1845 343 1877 Cordis
366 1845 399 1877 in
424 1847 544 1878 occulto

277 1892 412 1924 tristaris
437 1895 576 1932 tempore
600 1894 706 1932 multo,

234 1938 322 1976 Quod
344 1939 434 1978 prole
458 1948 573 1981 careaS,

277 1986 387 2016 amodo
412 1995 474 2017 non
498 1987 616 2018 timeas.

176 2038 206 2067 2.
233 2035 326 2066 Anna
348 2036 444 2067 maris
467 2038 590 2068 stellam

276 2082 380 2121 pariet
403 2082 461 2113 tibi
485 2084 568 2114 laeta
591 2085 740 2123 puellam,

231 2128 330 2160 Stella
352 2128 457 2161 Maria
479 2130 576 2161 maris

277 2175 361 2207 dicta
385 2184 556 2216 carensque
578 2177 677 2216 paris,

172 2229 202 2260 3.
229 2227 273 2259 Ut
299 2228 384 2259 cadit
404 2227 437 2258 in
461 2228 561 2261 vellus

274 2274 385 2312 imber,
411 2275 500 2313 quasi
523 2283 595 2306 rore
619 2276 759 2307 novellus

229 2321 467 2353 Condescendet
490 2322 519 2353 ei

274 2369 404 2409 spiritus
426 2368 497 2409 ipse
520 2368 591 2401 Dei.

1055 230 1258 266 Responsoria.

855 285 886 316 1.
913 285 1006 317 Caste
1031 287 1186 329 vivebant,

957 334 1013 365 sed
1030 333 1069 363 ob
1087 333 1155 372 hoc,
1174 333 1256 371 quod
1269 334 1359 371 prole
1373 339 1443 362 carc

1231 379 1317 419 bant,

914 424 1072 456 Pontificis
1098 425 1202 455 verbis

957 470 976 501 J
978 470 1099 501 oachim
1115 469 1303 509 reprobatur
1310 469 1434 501 acerbis
1444 478 1452 508 3

911 515 973 547 Sed
998 517 1084 548 Deus
1109 517 1192 549 hunc
1215 516 1364 548 humilem

958 562 1116 595 confortat
1140 572 1197 602 per
1222 562 1413 599 Gabrielem,

911 609 1000 648 Quod
1026 612 1172 641 nascetur
1196 609 1224 640 ei

954 657 1042 697 virgo
1067 665 1243 696 parensque
1267 656 1338 689 Dei.

909 712 984 744 Cum
1010 711 1105 744 fuerit
1131 716 1213 754 nata,

954 760 997 790 sit
1022 759 1107 799 virgo
1132 759 1238 791 Maria
1262 762 1383 797 vocata,

907 805 1052 838 Sanctior
1077 805 1218 846 exemplo

953 854 992 884 sit
1018 852 1124 885 oblata
1136 853 1305 892 juvencula
1321 853 1450 891 templo,

903 898 1026 931 Serviet
1046 899 1126 930 haec
1145 899 1279 931 Domino

951 947 1009 977 soli
1035 954 1103 976 cum
1129 945 1225 978 corde
1248 945 1393 986 benigno.

902 1002 1009 1045 Omne,
1036 1002 1118 1040 quod
1144 1002 1349 1040 immundum,

950 1057 1107 1088 nunquam
1119 1049 1206 1082 bibet
1218 1051 1312 1087 atque
1321 1048 1452 1086 cibabit,

904 1094 961 1132 Qui
986 1094 1120 1126 redimet
1142 1095 1301 1134 mundum,

951 1142 1003 1179 pia
1026 1141 1113 1182 virgo
1138 1142 1238 1173 Deum
1263 1141 1436 1181 generabit,

902 1187 972 1218 Non
999 1191 1150 1226 concepta
1175 1188 1253 1227 viro,

952 1238 1104 1272 conceptu
1128 1233 1242 1266 florida
1266 1235 1355 1276 miro,

901 1279 971 1311 Non
996 1280 1056 1312 crit
1078 1281 1149 1319 ipsa
1172 1289 1286 1320 parens

950 1327 1130 1366 virginitate
1156 1335 1275 1361 carens».

839 607 879 641 V.

851 713 880 744 2.

835 898 873 930 V.

849 1002 880 1035 3.

834 1188 869 1218 V.

963 1439 1009 1470 111
1035 1440 1064 1471 3.
1093 1439 1321 1473 Nocturno.

1039 1512 1106 1539 Anti
1111 1513 1232 1548 phonae.

870 1593 876 1598 .
903 1569 991 1600 Haec
1013 1570 1206 1601 incarnatum

951 1617 990 1647 de
1014 1624 1047 1648 se
1072 1626 1292 1656 nunquamque
1311 1621 1449 1650 creatum

903 1662 996 1702 Virgo
1021 1663 1187 1706 concipiet,

948 1710 1034 1750 virgo
1061 1709 1161 1741 Deum
1185 1711 1300 1750 pariet.

868 1788 875 1796 .
900 1765 1022 1797 Ho1um
1047 1767 1211 1804 praedicta

946 1813 1105 1852 generatio
1129 1812 1167 1845 fit
1190 1813 1365 1855 benedicta,

899 1858 995 1891 Exiet
1019 1860 1095 1890 inde
1119 1869 1206 1891 mera

947 1905 1035 1945 virgo
1060 1905 1234 1939 salutifera.

866 1985 874 1992 .
902 1960 1045 1994 Christus
1068 1961 1107 1992 ab
1134 1970 1207 1993 arce
1231 1963 1332 2000 patris

945 2007 1075 2039 intrabit
1103 2009 1223 2040 viscera
1247 2011 1367 2050 matris,

899 2053 950 2084 Ex
975 2063 1035 2093 qua
1061 2063 1228 2093 corporeus

948 2101 1030 2132 exiet
1053 2101 1123 2139 ipse
1146 2101 1242 2135 Deus.

1036 2174 1239 2210 Responsoria.

865 2256 873 2265 .
899 2232 952 2263 Ad
979 2231 1038 2263 Dei
1061 2235 1170 2263 nutum

947 2279 987 2310 <le
1010 2279 1128 2310 semine
1152 2280 1277 2320 virgula
1300 2283 1391 2315 Jesse

897 2325 993 2365 Regis
1018 2326 1167 2358 virtutum

945 2381 980 2403 se
1003 2374 1132 2404 matrem
1158 2374 1283 2406 noverit
1304 2384 1382 2419 esse,
