1652 2615
720 140 951 179 -73A

255 234 383 268 Christo
409 235 624 281 dilectissima,

257 281 470 315 Clementibus
497 285 749 329 clementissima,

253 328 321 360 Nos
345 330 435 361 salva
457 331 622 364 beatorum
645 335 773 374 optima.

364 443 425 475 Ad
451 444 626 479 Laudes

399 517 594 555 Antiphonae.

196 574 225 606 1.
251 574 303 605 Ab
329 578 459 607 aeterno
486 581 676 616 praeparata

254 621 336 661 Regi
361 630 467 662 regum
494 625 566 655 aula
590 627 681 663 grata

249 667 305 707 Es,
332 669 447 710 Maria,
473 671 561 711 virgo
585 671 689 704 beata.

194 726 225 758 2.
251 723 368 765 Maria,
394 725 427 756 in
452 727 532 757 caeli
557 727 635 759 solio

254 772 312 803 Pia
338 772 506 811 conJ'uncta
530 773 605 813 filio,

251 818 318 850 Nos
344 822 397 851 tuo
423 819 571 861 suffragio

252 865 348 897 Salva
371 867 404 898 in
430 867 550 900 exsilio.

194 924 225 956 3.
253 923 383 955 Vultum
408 924 481 954 tuae
506 925 634 963 pietatis

250 971 303 1002 Ad
329 979 386 1002 nos
412 974 568 1008 converte,
597 972 731 1014 domina,

252 1017 296 1048 Et
320 1018 474 1057 adspectu
500 1018 654 1050 claritatis

253 1063 372 1096 Nostra
395 1065 540 1103 propelle
566 1066 706 1098 crimina.

193 1121 224 1152 4.
250 1119 302 1153 Ab
328 1120 411 1152 omni
438 1123 583 1153 creatura

248 1166 356 1198 Maria
378 1167 594 1207 benedicatur,

250 1213 377 1250 Potens,
404 1212 549 1254 benigna,
575 1223 666 1254 pura,

1051 237 1096 265 Ad
1116 236 1300 266 Benedictus.

862 298 901 329 A.
932 297 1011 339 Ave,
1040 295 1135 336 virgo,
1162 297 1208 328 sol
1235 296 1398 333 claritatis,

933 344 1117 375 Praeelecta
1140 343 1201 375 Dei
1228 343 1316 383 cella,

934 392 1068 430 Aurora,
1096 388 1165 422 fons
1189 390 1326 430 pietatis,

933 438 976 469 Et
1000 441 1044 478 tu,
1070 438 1235 476 praeclara
1259 437 1352 469 maris
1378 437 1480 476 stella,

934 485 1094 516 Tenebras
1120 488 1243 516 nostras
1268 484 1420 527 illumina,

936 531 1055 563 Noxios
1079 540 1181 563 mores
1208 531 1338 571 corrige,

934 578 1081 609 Inimicos
1107 578 1289 615 extermina,

934 624 1048 656 Servos
1073 625 1179 664 lapsos
1205 625 1298 664 erige,

936 671 1052 703 Confer
1075 672 1225 704 virtutum
1250 672 1400 712 germina,

935 719 971 750 In
997 719 1079 751 viam
1104 719 1194 758 pacis
1219 727 1275 750 nos
1303 720 1412 760 dirige.

1003 812 1047 844 In
1073 812 1104 844 2.
1132 812 1347 851 Vesperis.

1051 886 1097 913 Ad
1115 884 1293 921 Magnificat.

897 966 903 974 .
935 943 1038 982 Salve,
1065 944 1173 982 regina
1199 943 1381 986 clarissima,

934 989 1056 1023 Civium
1080 999 1296 1030 supernorum,

932 1037 1011 1074 Ave,
1039 1040 1139 1068 mater
1163 1036 1224 1069 Dei
1248 1037 1433 1079 humillima,

934 1083 1133 1116 consolatrix
1157 1085 1352 1126 miserorum,

932 1130 1040 1162 Omnis
1065 1131 1225 1169 generatio

932 1177 1151 1209 Beatissimam
1176 1177 1349 1220 praedicat,

929 1223 1061 1255 Aeterni
1086 1224 1186 1262 patris
1214 1223 1341 1255 dilectio

248 1260 311 1291 Per
336 1268 428 1300 quam
453 1269 515 1299 pax
542 1263 572 1292 et
592 1262 676 1293 salus
695 1263 797 1296 datur.

190 1318 221 1348 5.
247 1314 345 1355 Caeli,
361 1317 459 1356 virgo,
469 1321 503 1348 te
512 1317 670 1349 dominam
678 1319 820 1359 laudent,

247 1362 310 1394 Per
335 1371 426 1403 quam
453 1367 655 1404 renovantur,

246 1408 296 1440 De
325 1413 378 1441 tua
402 1411 505 1449 gratia
529 1412 576 1443 rei
600 1414 748 1453 gaudent,

248 1456 307 1495 Qui
330 1466 389 1496 per
414 1460 445 1488 te
470 1459 642 1493 salvantur.

929 1271 1002 1302 Tibi
1026 1270 1138 1302 solium
1165 1271 1381 1312 communicat,

928 1318 977 1349 Tu
1002 1318 1044 1349 ad
1067 1326 1125 1349 nos
1142 1317 1204 1349 Dei
1224 1318 1366 1349 servulos

928 1365 974 1396 Te
998 1366 1180 1398 invocantes
1206 1365 1300 1396 hodie

928 1412 1001 1444 Pios
1028 1414 1176 1444 converte
1200 1412 1317 1452 oculos,

925 1459 1032 1491 Mater
1060 1458 1306 1491 misericordiae.

912 1515 1141 1589 {13216—
1165 1539 1205 1566 In
1227 1536 1251 1564 1.
1272 1538 1378 1574 Vesp.
1402 1536 1436 1571 R,
1462 1536 1479 1564 2

174 1602 254 1628 vitae
273 1600 385 1637 datri153
411 1598 449 1626 da
468 1599 531 1626 dies
551 1599 626 1626 nach
647 1600 709 1627 drei
729 1600 831 1628 Zeilen
850 1599 1057 1633 wiederkehrt,
1078 1599 1142 1626 hier
1161 1599 1334 1627 vermutlich
1355 1599 1479 1627 advoca-

174 1640 233 1666 trix
260 1637 328 1665 oder
354 1637 514 1665 Ahnliches
541 1645 578 1664 zu
603 1637 693 1665 lesen.
733 1652 753 1656 .-
783 1639 825 1666 In
847 1637 872 1665 1.
893 1638 997 1665 Noct.
1021 1635 1040 1663 R
1064 1635 1093 1670 1,
1125 1637 1141 1663 7
1162 1638 1208 1665 Tu
1228 1637 1322 1664 almae
1343 1639 1476 1665 tabe-rna-

175 1677 281 1704 culum.
297 1690 331 1694 —-
352 1676 394 1703 In
414 1673 440 1701 2.
455 1675 555 1702 Noct.
579 1673 600 1700 Α
622 1673 648 1710 3,
669 1674 689 1703 4
708 1675 792 1703 salva
806 1679 961 1704 catervam.
978 1690 1016 1694 —=
1037 1673 1057 1701 Β
1075 1674 1099 1708 1,
1118 1672 1135 1702 3
1152 1676 1313 1712 irrigatum.
1326 1690 1365 1694 —
1385 1673 1405 1700 R
1421 1673 1446 1708 2,
1463 1673 1480 1701 2

173 1716 257 1750 virgo
279 1714 473 1741 sanctissima.
502 1727 536 1731 —
562 1712 605 1739 In
624 1711 650 1740 3.
671 1714 770 1741 Noct.
794 1712 814 1739 R
838 1713 861 1748 1,
886 1711 904 1740 8
934 1715 963 1740 et
983 1713 1077 1740 laude.
1111 1729 1143 1733 —
1171 1711 1191 1738 R
1214 1710 1239 1746 2,
1260 1710 1277 1739 ⁴3
1298 1713 1344 1740 Tu
1363 1715 1463 1740 sancto

174 1754 302 1780 cunctos.
323 1767 361 1771 —
389 1748 409 1777 R
431 1748 462 1784 2,
484 1749 501 1778 9
521 1751 590 1778 Lies
613 1750 794 1779 Clientibus?
813 1766 850 1771 —
880 1748 900 1777 R
924 1748 941 1778 3
970 1753 1020 1786 „ut
1045 1752 1108 1778 heri
1134 1752 1166 1777 in
1185 1748 1350 1785 Vesperis.“
1374 1764 1407 1769 -—
1435 1751 1477 1777 In

173 1789 199 1817 2.
220 1790 289 1817 Ves
296 1799 323 1825 p.
346 1789 382 1816 ad
401 1789 499 1825 Magn.
521 1787 553 1822 Α,
573 1786 593 1815 4
612 1790 784 1816 miserorum
803 1788 993 1817 consolatrix.

252 1538 336 1565 BreV.
357 1547 410 1566 ms.
431 1546 505 1565 saec.
530 1536 572 1566 15.
615 1538 682 1566 Cod.
703 1540 881 1575 Raigraden.

601 1881 650 1912 24.
681 1880 724 1912 De
747 1880 949 1922 conceptione
969 1881 1056 1912 BMV.

317 1954 362 1985 In
390 1953 419 1986 1.
447 1952 662 1992 Vesperis.

363 2018 406 2046 Ac]
427 2017 606 2053 Magnificat.

171 2078 210 2109 A.
238 2076 330 2108 Jesse
354 2076 457 2116 radix,
485 2079 605 2107 castum
630 2084 747 2114 semen,

241 2123 343 2155 Nobis
374 2124 468 2156 datur
494 2124 577 2156 vitae
601 2131 749 2163 germen3

291 2172 396 2204 Adest
422 2171 489 2202 dies
515 2170 667 2209 laetitiae,

245 2218 312 2257 Qua
336 2217 510 2250 seminatur
534 2218 646 2260 lilium,

244 2265 333 2303 Quod
357 2264 482 2307 profert
506 2266 568 2297 Dei
588 2263 700 2304 filium,

288 2312 480 2353 Exemplum
503 2312 694 2352 mundiciam,

243 2359 334 2397 Quod
359 2369 378 2391 a
402 2360 470 2392 Deo
497 2363 543 2391 est
568 2359 767 2401 promissum,

291 2407 469 2447 Antequam
494 2407 630 2439 mundus
654 2405 755 2447 fieret,

925 1951 970 1983 Et
994 1953 1127 1983 electum
1155 1953 1186 1982 et
1210 1950 1347 1983 excisum

974 2000 1152 2038 Antequam
1176 2000 1293 2030 terram
1319 1997 1449 2031 faceret.

991 2123 1051 2154 Ad
1075 2122 1343 2154 Matutinum.

1062 2206 1189 2233 Invitato
1193 2208 1275 2233 rium.

926 2263 1069 2296 Creatori
1090 2263 1263 2302 jubilantes

973 2311 1168 2343 Veneremur
1191 2310 1321 2350 semina,

925 2358 1112 2390 Exulternus
1140 2359 1334 2395 venerantes,

974 2406 1110 2438 Nostrae
1135 2404 1244 2437 salutis
1269 2403 1395 2438 femina.
