1652 2615
304 251 378 284 Cum
404 252 535 284 sentiret
558 252 590 282 in
617 259 708 282 cruce

348 300 464 332 Filium
495 299 621 330 clavari.

246 366 277 395 2.
306 364 429 395 Doloris
452 367 528 394 tunc
552 363 674 402 gladius

349 409 555 442 Pertransivit
581 417 634 439 cor
659 412 754 445 tuum,

394 456 417 487 O
443 458 543 486 mater
568 454 742 492 benedicta,

301 502 384 532 Dum
408 501 535 540 plenum
559 500 712 531 'ivoribus

348 547 462 579 Vidisti
485 550 572 577 tuum
596 551 701 578 natum

394 593 528 625 Tensum
554 593 586 624 in
612 602 703 624 ciuce
729 593 803 625 alta.

245 660 275 691 13.
301 660 324 691 Ο
351 667 442 698 quam
464 658 577 689 flebilis
603 664 730 689 eventus

345 706 503 744 Quamque
528 708 574 735 est
600 714 706 736 amara
729 705 815 743 hora,

299 753 365 791 Qua
388 752 520 783 moritur
543 750 626 783 filius

345 800 490 831 Intuente
514 801 614 829 matre
641 807 723 836 cara,

299 846 383 884 Quae
407 845 453 875 sic
475 848 638 884 torquetur
663 845 807 885 amplius,

348 891 442 923 Nulla
471 891 577 922 valens
603 891 752 930 obsequia

394 937 476 971 ,Nato
503 938 578 969 dare
601 939 662 969 nisi
686 938 798 970 luctus.

441 1030 643 1065 Responsoria.

246 1098 274 1129 1.
302 1097 389 1128 Sicut
416 1096 507 1134 spina
531 1105 620 1127 rosae
643 1094 751 1127 florem

299 1143 368 1174 Non
393 1144 537 1174 immutat
560 1143 610 1173 vel
634 1143 771 1182 odorem,

345 1190 425 1227 Quin
451 1191 569 1219 crescat
594 1189 737 1229 vicinius,

300 1236 358 1272 Ita,
385 1236 484 1275 virgo,
509 1238 594 1265 tuam
619 1238 752 1266 mentem

300 1281 425 1313 Cunctis
452 1281 540 1311 donis
565 1281 756 1313 redolentem

343 1328 446 1359 Furor
470 1326 550 1366 fugit
574 1328 701 1369 obvius,

298 1375 395 1406 Immo
422 1374 531 1404 videns
555 1372 709 1413 flagellari

297 1420 341 1451 Et
363 1421 396 1451 in
425 1428 515 1450 cruce
541 1421 718 1452 conclavari

345 1467 446 1498 Tuum
472 1466 672 1506 unigenitum,

300 1513 457 1545 Patienter
482 1512 651 1544 sufferebas

297 1559 339 1590 Et
365 1562 542 1591 constanter
565 1560 746 1598 requirebas

345 1606 483 1637 Dextrae
506 1605 567 1637 Dei
590 1606 736 1648 digitum3

230 1653 268 1683 V.
302 1651 415 1684 Confer
440 1660 529 1691 opem
554 1657 638 1684 tuam
663 1662 766 1693 prece,

346 1699 394 1730 Ne
423 1699 530 1730 mundi
554 1700 747 1739 prosperitas

299 1745 364 1777 Nos
389 1750 533 1777 excaecet
558 1755 614 1777 sua
638 1744 726 1777 faece

347 1793 405 1824 Vel
432 1795 555 1831 premat
578 1793 763 1827 adversitas,

241 1857 271 1886 2.
299 1856 391 1888 Color
414 1855 567 1888 formosus
592 1861 739 1900 mutatur,

345 1904 424 1942 Heu,
449 1903 482 1933 in
507 1904 615 1935 mortis
639 1906 803 1946 pallorem,

299 1950 379 1981 Dum
403 1951 436 1981 in
460 1952 575 1981 terram
601 1952 732 1983 miratur

345 1996 472 2028 Sacrum
496 1995 594 2028 fluere
618 2007 776 2039 cruorem,

228 2043 266 2074 V.
297 2044 403 2075 Poena
426 2046 527 2073 mater

344 2091 504 2128 torquetur
528 2090 688 2131 immensa,

293 2135 376 2168 Hinc
399 2136 545 2175 lamenta,

343 2183 431 2214 illinc
454 2183 599 2221 suspiria.

240 2251 270 2282 3.
297 2249 448 2280 Innocens
475 2251 506 2278 et
530 2256 642 2286 expers
666 2250 804 2281 criminis

297 2296 434 2327 Moritur
457 2294 602 2326 misertus
625 2295 769 2336 hominis,

298 2343 374 2376 Cum
399 2342 495 2374 simus
522 2350 615 2373 causa
639 2343 774 2383 suplicii,

298 2389 399 2421 Simus
426 2391 457 2419 et
480 2390 630 2421 maeroris
655 2390 741 2432 socii,

843 155 911 190 124
957 175 1002 180 -—

972 248 1110 289 Virginis
1135 247 1244 279 matris
1270 251 1301 278 et
1328 246 1387 278 filii

972 296 1038 327 Nos
1067 297 1179 334 urgent
1202 294 1316 325 amoris
1342 293 1470 324 stimuli.

906 342 940 373 V.
969 342 1156 373 Recolamus
1181 349 1251 371 cum
1276 340 1414 371 lacrimis

973 387 1146 419 Tristitiam
1176 387 1337 426 genitiicis

974 434 1115 465 Gratiam
1139 436 1282 471 petentes
1306 432 1413 471 geniti.

1029 563 1073 595 In
1101 563 1132 594 3.
1158 561 1388 593 Nocturno.

1119 654 1313 690 Autiphonae.

914 713 945 744 1.
973 712 1115 744 Christus
1141 712 1241 743 crucis
1266 712 1299 743 in
1325 711 1458 743 ambone

972 759 1164 791 Constitutus
1190 761 1221 789 et
1245 767 1344 798 agone

1018 806 1145 845 Septem
1169 805 1266 836 verba
1290 805 1431 847 protulit,

969 852 1075 884 Mater
1098 860 1248 891 praesens
1273 851 1425 883 tribulata

970 899 1047 930 Tam
1072 901 1199 939 patrata
1222 907 1312 938 quam
1337 898 1462 937 prolata

1018 945 1129 977 Secum
1154 945 1249 976 silens
1274 945 1416 978 contulit.

915 1004 945 1035 2.
973 1003 996 1034 O
1023 1003 1120 1042 virgo,
1148 1010 1207 1040 quo
1231 1004 1385 1033 tormento

972 1048 1191 1088 Torquebatur
1216 1057 1269 1079 cor
1294 1052 1391 1089 tuum,

969 1096 1052 1127 Dum
1076 1095 1193 1126 audisti
1220 1094 1387 1126 Dominum

1016 1142 1197 1173 Dicentem:
1225 1139 1328 1173 Sitio‘?

914 1197 944 1227 3.
973 1196 1073 1227 Nimis
1100 1196 1299 1227 cruciabatur

1016 1243 1101 1274 Tuus
1127 1243 1266 1284 spiritus,

1062 1290 1086 1321 O
1111 1289 1166 1328 pia
1191 1289 1326 1328 domina,

968 1335 1051 1366 Dum
1075 1336 1267 1367 moriebatur

1014 1383 1099 1414 Tuus
1123 1381 1206 1413 filius

1062 1429 1207 1461 Clamans
1232 1437 1309 1460 voce
1332 1438 1455 1469 magna.

1101 1522 1306 1556 Responsoria.

914 1588 943 1619 1.
971 1588 1166 1620 Tollentibus
1195 1590 1331 1620 occisum

1015 1634 1112 1666 Vobis
1136 1636 1254 1674 gratias
1277 1644 1376 1678 agam,

969 1681 1126 1713 Sustinete
1148 1683 1314 1723 modicum,

1017 1729 1061 1761 Ut
1083 1731 1191 1760 natum
1214 1738 1317 1760 meum
1342 1737 1476 1773 tangam,

969 1775 1167 1814 Complectar
1191 1785 1273 1808 nunc
1296 1776 1406 1819 filium,

1015 1823 1187 1854 Deosculer
1212 1826 1243 1854 et
1266 1824 1424 1864 plangam,

969 1869 1062 1900 Illum
1086 1869 1197 1900 saltem
1221 1873 1377 1901 mortuum

1013 1915 1220 1955 Amplexibus
1247 1917 1468 1958 constringam,

898 1961 936 1993 V.
966 1962 1062 2000 Quem
1088 1963 1189 1993 crucis
1214 1964 1390 2002 patibulum

967 2008 1055 2039 Tulit
1081 2009 1113 2040 in
1141 2011 1331 2048 supplicium

1014 2056 1067 2086 Ad
1091 2064 1285 2096 poenamque
1306 2058 1443 2098 longam.

913 2112 942 2142 2.
964 2110 1052 2142 Haec
1076 2119 1110 2142 se
1134 2120 1229 2151 supra
1255 2122 1367 2153 corpus
1389 2116 1466 2154 jecit

968 2158 1177 2190 Lacrimando
1207 2160 1376 2193 madefecit

1014 2204 1124 2236 Fletus
1153 2206 1239 2238 unda
1261 2208 1423 2248 irrigantis

1062 2251 1192 2283 Sacrum
1217 2255 1337 2286 vultum
1360 2255 1429 2298 filii,

969 2298 1009 2329 Se
1033 2297 1148 2330 afflixit
1173 2303 1205 2331 et.
1227 2302 1274 2333 sic
1299 2301 1377 2335 fecit

1017 2345 1168 2377 Resoluta
1191 2348 1223 2379 in
1248 2349 1394 2383 lamentis

1061 2392 1226 2426 Planctum
1249 2397 1421 2440 unigeniti,

1470 2140 1476 2156 5
