1652 2615
681 137 934 171 —142-

169 232 208 264 V.
237 232 351 264 Manus
374 235 523 272 torquens
547 232 664 263 acriter

285 280 378 311 anxia
399 277 523 317 flevisti,

238 324 301 365 Nil,
328 326 409 365 quod
435 327 517 356 esset
539 324 698 362 indecens,

285 372 428 411 reprobis
455 370 570 404 dixisti.

180 429 211 459 2.
238 426 312 458 Cum
337 426 467 463 videret,

284 473 366 512 quod
392 474 496 505 clauso
519 472 637 503 tumulo

236 519 418 551 Privaretur

284 569 347 597 tam
375 566 458 597 dulci
482 565 620 606 speculo,

237 612 435 644 Praedilecto

283 662 369 691 stans
396 668 463 691 cum
490 658 644 699 discipulo

240 705 342 737 Corde
365 707 463 746 magis

284 753 388 791 plorat
413 761 502 792 quam
528 752 627 783 oculo.

168 800 206 831 V.
238 799 451 830 Lacrimarum

284 844 400 877 fluente
423 846 524 877 rivulo

239 892 415 924 Maerorem
439 892 538 924 movit

837 230 876 263 V.
908 228 1038 262 Afflieta
1061 232 1110 262 est
1132 231 1220 270 virgo
1244 229 1430 269 ploratibus,

908 274 1056 315 Fatigata
1082 277 1251 315 doloribus,

913 323 1061 355 Cruciata.
1085 323 1263 363 gemitibus

1025 396 1069 422 Ad
1088 395 1271 423 Benedictus.

907 452 1078 491 Tamquam
1104 452 1186 483 latro
1213 452 1337 490 capitur

955 498 1097 530 Vinculis
1123 498 1304 535 adstrictus,

911 545 1068 587 Caeditur,
1097 545 1281 584 conspuitur

953 592 1066 631 Alapis
1092 589 1246 632 afflictus3

907 640 931 672 O
955 639 1064 670 matris
1089 639 1260 678 angustias,

956 695 1024 717 cum
1050 684 1172 717 videret
1195 685 1295 716 ictus!

908 733 970 764 Pro
995 732 1085 764 nobis
1112 732 1179 763 dira
1205 731 1329 771 patiens

954 779 996 810 sit
1020 788 1076 810 rex
1099 778 1295 811 benedictus.

978 872 1023 903 In
1052 874 1081 906 2.
1107 872 1320 912 Vesperis.

285 939 424 971 adstanti
442 938 568 978 populo.
1024 936 1068 963 Ad
1087 935 1264 971 Magnificat.

182 996 211 1027 3.
242 994 383 1026 Christus
400 995 557 1034 princepffi
581 1002 637 1025 rex
653 994 782 1034 gloriae,
839 994 878 1027 A.
912 994 935 1026 O
962 994 1086 1031 quantis
1117 993 1287 1034 doloribus,

238 1040 335 1072 Totus
361 1049 544 1080 conspersus
569 1041 727 1082 sanguine,
909 1040 1022 1071 Anxiis
1046 1040 1235 1080 singultibus

240 1087 394 1119 Maternis
421 1096 522 1118 coram
549 1087 646 1118 oculis
910 1086 971 1118 Cor
995 1086 1125 1126 virginis
1150 1085 1293 1118 afficiunt

242 1134 375 1166 Jacebat
396 1132 608 1172 despicabiliS‚
910 1134 1016 1172 Virga,
1043 1134 1161 1172 spinae,
1190 1132 1280 1174 clavi,
1305 1142 1400 1174 mors,

242 1179 435 1211 Sacrificium
459 1180 670 1219 vespertinum
911 1179 1037 1211 Lancea
1061 1179 1205 1211 Domini!

241 1226 382 1257 Elevatis
407 1227 549 1258 manibus
912 1226 983 1262 Ora,
1011 1226 1107 1268 virgo7
1128 1228 1163 1256 ut
1178 1235 1234 1257 nos
1254 1226 1456 1258 condolentes

243 1271 423 1304 Celebrarat
446 1272 615 1310 Dominus;
911 1271 983 1303 Tibi
1011 1280 1233 1311 conregnemus
1258 1273 1327 1303 sine
1350 1272 1423 1305 fine.

246 1327 329 1354 Brcv.
356 1336 408 1355 ms.
433 1327 684 1355 Hildesheimense
714 1335 787 1354 saec.
817 1324 859 1353 15.
900 1327 967 1354 Cod.
990 1326 1081 1362 Capit.
1102 1327 1251 1354 Treviren.
1284 1325 1345 1355 163.
1365 1329 1400 1356 A.
1420 1342 1457 1347 —

173 1364 257 1392 Brov.
279 1373 329 1392 ms.
350 1364 601 1392 Hildesheimense
621 1372 695 1392 saec.
717 1363 759 1392 16.
794 1364 861 1392 Ood.
884 1364 977 1399 Capit.
997 1364 1145 1391 Treviren.
1170 1362 1231 1392 180.
1253 1365 1286 1392 B.
1307 1379 1343 1384 —
1363 1366 1458 1393 Viati-

171 1410 221 1428 cus
243 1402 503 1429 Hildcsheimensis
523 1403 592 1436 imp.
612 1403 731 1437 Lipsiae
752 1399 832 1429 1516.
855 1402 883 1428 G.
898 1417 933 1421 -—
950 1402 1031 1428 Brev.
1046 1402 1231 1430 Goslariense
1251 1403 1318 1438 imp.
1333 1403 1457 1431 Halber-

173 1438 257 1466 stadii
289 1437 366 1467 1525.
391 1439 427 1466 D.
455 1455 489 1458 —
515 1439 556 1467 In
584 1438 607 1466 1.
628 1440 730 1474 Vesp.
756 1437 785 1465 R.
813 1439 945 1466 Christus
969 1440 1118 1474 princeps,
1146 1448 1198 1467 rex
1216 1440 1328 1475 gloriae
1348 1443 1400 1468 etc.
1422 1454 1456 1458 —

171 1476 210 1502 In
233 1474 256 1501 1.
278 1476 375 1503 Noct.
398 1474 417 1501 R
439 1474 464 1509 3,
484 1475 500 1503 9
521 1476 719 1512 derelinquere
732 1477 763 1504 B.
784 1490 820 1495 --
840 1477 879 1503 In
899 1474 924 1502 2.
939 1476 1039 1503 Noct.
1061 1475 1081 1502 R
1097 1474 1121 1509 1,
1137 1476 1153 1503 7
1169 1477 1315 1510 Quantum
1329 1478 1458 1505 salvator

171 1513 233 1540 BD.
314 1511 333 1539 R
356 1513 379 1546 1,
404 1511 436 1540 11
458 1515 612 1549 Nunquam
630 1516 722 1541 mater
741 1514 802 1541 BD.
823 1527 858 1531 —
877 1514 919 1540 In
939 1511 965 1540 3.
985 1513 1034 1540 No
1044 1517 1084 1540 ct.
1108 1511 1129 1538 Α
1147 1512 1172 1548 2,
1193 1512 1211 1542 3
1225 1522 1267 1550 sq.
1287 1516 1359 1542 Tam
1379 1515 1457 1542 dulei

171 1552 331 1585 privaretur
346 1551 403 1578 AB.
420 1565 453 1568 —
476 1550 498 1577 Α
518 1548 544 1583 3,
563 1549 583 1578 4
602 1552 709 1578 eievari
728 1552 760 1578 B.
781 1565 817 1570 -«
836 1551 893 1578 Die
912 1550 1018 1578 beiden
1035 1550 1231 1586 zugehiirigen
1250 1552 1386 1586 Hymnen
1407 1553 1457 1580 cfr.

172 1587 255 1614 Anal.
277 1588 343 1622 VII,
362 1588 411 1616 Nr.
434 1586 469 1616 99
489 1588 547 1615 und
570 1586 630 1616 100.

584 1670 631 1701 45.
662 1670 704 1701 Do
725 1669 935 1709 compassione
955 1668 1041 1700 BMV.

312 1729 355 1760 In
384 1728 413 1760 1.
440 1729 653 1768 Vesperis.
856 1729 887 1760 4.
914 1728 1079 1767 Nunquam
1103 1731 1204 1760 mater
1227 1731 1360 1771 pertulit

960 1778 1024 1806 tam
1048 1775 1158 1807 anxios
1185 1777 1319 1817 dolores,

911 1822 955 1854 Ut
978 1821 1083 1854 Maria
1108 1821 1165 1853 filii

959 1869 1161 1900 considerans
1186 1870 1313 1903 livores.

381 1792 574 1828 Antiphonae.

186 1849 216 1880 1.
243 1848 351 1880 Omnis
376 1852 463 1881 aetas
489 1847 604 1882 defleat

287 1899 419 1927 mortem
443 1897 620 1936 salvatoris,

244 1941 408 1975 Gloriosae
431 1943 561 1983 virginis

286 1992 455 2028 praetextu
480 1989 609 2022 doloris

186 2046 217 2079 2.
244 2044 385 2085 Noctem,
412 2054 473 2084 qua
489 2045 632 2078 Christus
651 2045 783 2085 capitur,

290 2092 378 2132 virgo
402 2092 573 2123 insomnem
602 2091 691 2123 duxit

240 2137 284 2169 Et
307 2138 463 2177 soporatis
488 2138 600 2169 ceteris

287 2183 365 2217 fiens
389 2185 524 2225 pervigil
547 2184 730 2225 permansit.

183 2243 213 2274 3.
240 2240 295 2272 Fit
318 2251 380 2273 nox
403 2241 496 2272 nimis
517 2238 641 2280 flebilis,

286 2297 349 2320 nox
371 2288 463 2320 nimis
487 2296 595 2320 amara

241 2335 348 2376 Matri,
374 2336 497 2375 quando
523 2335 646 2374 capitur

287 2384 354 2425 eius
377 2383 484 2424 proles
510 2392 593 2416 cara.

855 1935 885 1966 5.
912 1932 1039 1965 Rubens
1065 1935 1152 1966 color
1177 1935 1323 1975 vertitur,

957 1980 1028 2017 heu,
1053 1981 1163 2012 mortis
1186 1982 1220 2013 in
1245 1983 1410 2023 pallorem,

911 2027 994 2058 Dum
1019 2027 1123 2060 Maria
1146 2027 1204 2059 filii

958 2074 1082 2105 videret
1105 2082 1258 2110 cruorem.

841 2147 882 2178 R.
913 2147 1036 2187 Venite,
1063 2149 1188 2189 singuli,

959 2195 1053 2226 matri
1080 2196 1244 2238 concinite,

911 2243 948 2274 In
975 2242 1062 2280 cujus
1087 2241 1147 2274 filii

959 2288 1101 2321 lavamur
1125 2291 1287 2330 sanguine,

913 2336 990 2369 Cum
1018 2336 1089 2375 ipsa
1111 2337 1289 2377 planctibus

960 2380 1101 2415 fruamur
1124 2384 1242 2418 intimis
