1652 2615
703 132 958 167 —223—

316 225 376 256 Ad
402 225 666 259 Matutinum.

383 289 598 317 Invitatorium.

252 344 369 385 Regem
398 347 542 378 caelestis
568 348 674 380 curiae

299 391 490 424 Collaudent
513 403 620 426 omnes
645 396 764 439 populi,

249 438 307 476 Qui
334 439 389 470 dat
415 448 563 472 coronam
588 442 709 482 gloriae

298 485 483 519 Geminiano
509 488 660 527 praesuli.

313 579 359 611 In
386 580 416 614 1.
443 580 669 614 Nocturno.

394 645 588 681 Antiphonae.

216 726 221 733 .
249 702 453 733 Praesulatus
478 705 644 742 postquam
671 703 764 735 datur

296 747 500 781 Geminianus
525 750 654 789 nomini,

250 794 321 826 Jam
346 795 380 826 in
405 796 476 836 lege
500 798 673 829 meditatur

293 842 396 873 Nocte
423 843 535 883 dieque
558 844 696 876 Domini.

190 903 197 912 ‘
214 923 222 930 .
249 897 326 930 Sion
350 902 457 930 monte
481 901 668 932 constitutus

295 945 357 977 Dei
381 950 583 987 praeceptum
609 947 785 987 praedicat,

247 993 345 1025 Satan
371 991 483 1033 fugans
507 1003 566 1033 ope
590 997 676 1025 tutus

297 1038 468 1079 Crueisque
493 1040 590 1081 signis
616 1041 739 1074 emicat.

218 1122 223 1128 .
250 1095 329 1127 Mox
353 1097 489 1135 Augusti
514 1097 651 1134 Joviani,

299 1142 366 1181 Quo
391 1143 439 1174 sic
463 1146 596 1175 vexatur
619 1143 695 1182 filia,

248 1189 366 1227 Quibus
392 1192 462 1222 erat
484 1190 571 1222 Deus
595 1190 664 1222 sani

297 1236 410 1268 Cordis
435 1237 520 1270 salus
547 1239 577 1268 et
602 1237 711 1277 gloria.

380 1311 580 1346 Responsoria
587 1331 594 1337 .

213 1391 219 1398 .
247 1368 334 1400 Luce
358 1368 433 1400 solis
459 1369 632 1400 occidentis

295 1414 406 1447 Oriens
432 1415 636 1457 splendescit,

246 1462 331 1493 Dum
355 1462 389 1493 in
413 1462 571 1501 praesulis
597 1462 736 1493 absentis

291 1508 433 1540 Daemon
459 1509 506 1540 sie
527 1508 701 1548 expressit:

249 1556 357 1588 Omnis
383 1558 472 1587 actus
498 1556 559 1587 erit
583 1564 681 1588 vanus

293 1602 344 1634 Ne
370 1603 410 1634 de
433 1603 482 1634 sui
506 1603 636 1643 servire,

193 1649 215 1681 ⁷.
242 1649 283 1680 Ni
309 1658 460 1689 praesens
487 1649 691 1682 Geminianus

293 1696 350 1728 Me
376 1699 468 1736 cogat
492 1697 587 1728 exire.

215 1780 221 1786 .
247 1753 400 1786 Jovianus
425 1753 584 1794 regionem

293 1800 457 1831 Nominati
482 1801 636 1839 nesciens,

245 1847 307 1878 Per
331 1848 481 1880 mundum
505 1848 694 1887 legationem

293 1894 407 1933 Quaeri
432 1895 529 1926 mittit
553 1894 708 1936 inquiens,

244 1942 386 1974 Tandem
412 1942 504 1982 hujus
526 1943 730 1982 mansionem,

292 1990 378 2028 Quae
399 1991 518 2030 gaudet
541 1989 714 2029 reperiens.

206 2062 213 2069 .
244 2036 307 2069 Sed
332 2037 468 2077 Augusti
494 2037 665 2069 laesionem

291 2084 395 2116 Natae
418 2085 547 2124 praesul
573 2083 716 2125 audiens,

242 2132 386 2171 Spondet
414 2133 503 2172 sequi
528 2132 678 2164 visionem

286 2179 365 2211 Mox
388 2179 451 2211 iter
475 2179 643 2219 arripiens.

188 2241 218 2268 ·,
245 2236 393 2268 Ululatus
418 2239 450 2268 et
471 2237 615 2276 ploratus

291 2284 361 2314 Vox
385 2283 418 2315 in
443 2284 545 2316 Rama
569 2282 744 2323 personuit,

242 2329 431 2361 Mutinensis
456 2331 548 2370 plebs
573 2329 734 2362 immensis

291 2376 469 2409 Gemitibus
494 2381 571 2409 tunc
595 2375 710 2416 affluit,

865 2238 896 2269 ΞΟ

929 230 1005 262 Cum
1031 229 1073 261 ad
1096 237 1183 259 mare
1207 237 1381 268 properare

975 275 1105 308 Praesul
1129 275 1192 306 iter
1216 276 1372 315 arripuit3

926 322 988 354 Sed
1015 321 1164 354 deflentes
1189 322 1368 354 consolatur

928 369 1123 401 Benedicens
1148 371 1180 400 et
1202 369 1356 409 hortatur,

974 416 1056 448 Nam
1080 416 1186 447 redire
1209 416 1328 447 statuit.

994 539 1041 570 In
1065 540 1095 571 2.
1116 537 1173 570 No
1185 541 1340 570 cturno.

1065 612 1258 647 Antiphonae.

894 694 901 700 .
928 668 1005 700 Cum
1029 670 1192 701 invocaret
1215 670 1382 702 Dominum

930 715 1082 747 Procellis
1107 716 1139 747 in
1167 717 1381 748 discriminum

973 762 1146 794 Daemonio
1176 764 1347 804 commotis,

927 809 1005 840 Mox
1029 817 1116 841 mare
1139 808 1176 841 fit
1200 810 1376 851 pacificum,

929 855 1057 887 Portum
1084 856 1168 896 capit
1192 858 1366 890 salvificum

974 902 1089 935 Classis
1115 904 1231 942 optatis
1256 905 1348 937 votiS.

924 958 987 990 Suo
1013 962 1182 997 conspeetu
1206 960 1357 992 Dominus

925 1004 1053 1036 Direxit
1076 1006 1159 1037 viam
1184 1007 1328 1045 protinus

970 1051 1061 1083 Beati
1088 1051 1287 1093 confessoris

927 1098 969 1129 Ut
993 1107 1066 1129 mox
1089 1099 1189 1130 intrat
1209 1100 1398 1139 Bizantium‚

923 1145 1026 1176 Aulae
1050 1144 1210 1176 confertur
1234 1147 1381 1186 gaudium

971 1190 1086 1231 Ingens
1113 1192 1325 1231 imperatoris.

891 1270 897 1276 .
924 1246 1062 1289 Honore,
1088 1247 1193 1286 laude,
1219 1249 1329 1289 gloria,

925 1293 1027 1325 Felici
1049 1294 1109 1326 Dei
1134 1295 1236 1334 gratia

971 1341 1033 1372 Hic
1057 1342 1183 1381 praesul
1210 1345 1386 1382 coronatur,

924 1388 1035 1419 Puella
1062 1389 1127 1428 Jam
1152 1389 1335 1421 saevissima

924 1434 979 1465 Fit
1002 1444 1076 1467 mox
1099 1436 1360 1476 mansuetissima,

971 1481 1051 1513 Dum
1085 1486 1193 1514 sancto
1217 1488 1449 1523 praesentatur.

1059 1557 1264 1591 Responsoria.

892 1637 900 1644 .
926 1613 971 1645 Ut
995 1615 1216 1652 praesentatur

973 1660 1071 1692 Beato
1096 1661 1236 1699 praesuli

1019 1707 1142 1738 Furens
1167 1708 1284 1749 puella,

924 1754 1066 1786 Daemon
1091 1752 1228 1794 fugatur,

970 1801 1085 1834 Tristis
1110 1801 1244 1840 periculi

1019 1848 1113 1881 Cedit
1136 1848 1287 1888 procella,

926 1896 980 1928 Sic
1005 1898 1154 1937 operatur

973 1943 1081 1975 Crucis
1107 1943 1261 1984 signaculi

1019 1990 1136 2022 Salutis
1161 1990 1272 2029 stella;

923 2038 1012 2070 Patri
1037 2040 1111 2069 sunt
1135 2037 1259 2080 gaudia,

923 2085 1023 2117 Matri
1048 2084 1171 2126 solatia,

924 2133 1013 2165 Plebi
1039 2132 1192 2173 tripudia,

1016 2180 1111 2212 Hosti
1135 2178 1271 2218 flagella.

925 2236 1040 2269 Coetus
1067 2236 1165 2268 currit
1189 2236 1403 2276 languentium

969 2284 1021 2315 Ad
1048 2285 1170 2323 patrem
1195 2283 1335 2324 pietatis,

922 2331 980 2369 Qui
1007 2331 1060 2362 dat
1086 2330 1207 2361 eunetis
1233 2330 1379 2361 solatium

971 2377 1137 2416 Quaesitae
1162 2377 1336 2417 sospitatis,
