1652 2615
737 144 991 179 —149—

286 235 428 276 Urgente
451 238 608 277 supplicio

329 283 430 315 Voces
456 287 593 316 maestas
618 286 764 326 replicat,

283 329 369 368 Quae
394 333 553 370 quondam
576 341 657 371 prae
680 334 796 374 gaudio

329 376 453 409 Cecinit
476 378 675 420 Magnificat.

303 518 365 549 Ad
392 518 740 560 Completorium.

399 593 493 629 Super
512 594 656 622 Psalmos.

241 675 248 682 .
283 649 350 681 Nos
376 652 487 682 matris
513 652 700 692 compassio,

328 698 417 738 Jesu‚
443 707 501 730 rex
524 699 669 739 insignis,

282 743 398 776 Servet
421 755 442 777 a
464 746 617 786 voragine

329 792 513 832 gehennalis
537 794 631 834 ignis.

372 885 419 912 Ad
437 886 524 913 Nune
543 885 678 913 dimittis.

247 967 254 974 .
284 942 447 974 Passionis
473 943 608 983 gladius,

329 990 417 1029 virgo
444 999 556 1022 carens
583 991 722 1033 erimine,

282 1036 383 1067 Tuam
405 1037 500 1068 laesit
522 1037 658 1069 animam

331 1084 416 1114 omni
441 1093 509 1115 cum
535 1085 727 1127 gravamine,

281 1130 373 1168 Quod
396 1132 546 1170 promisit.
570 1131 706 1173 Simeon,

323 1178 437 1216 plenus
462 1187 554 1210 sacro
579 1177 716 1218 flamine,

281 1223 359 1255 Cum
384 1225 416 1256 in
441 1226 561 1265 templo
588 1225 729 1257 dixerat:

323 1280 408 1302 nuno
434 1272 579 1311 dimittis
605 1272 750 1303 Domine.

350 1413 409 1446 Ad
434 1413 703 1445 Matutinum.

413 1488 629 1515 Invitatorium.

281 1544 358 1576 Cum
383 1545 488 1577 Maria
514 1545 638 1585 virgine

326 1591 452 1624 fervide
475 1593 647 1633 ploremus,

279 1640 318 1672 In
345 1640 448 1671 crucis
473 1640 632 1680 supplicio

323 1696 430 1727 regem
455 1688 635 1721 adoremus,

336 1829 399 1860 Ad
422 1828 696 1862 Nocturnum.

421 1904 618 1940 Antiphonae.

243 1987 249 1993 .
277 1961 422 2002 Noctem,
449 1971 512 2002 qua
528 1961 673 1996 Christus
698 1964 831 2003 patitur⁷

324 2010 445 2050 absque
469 2018 578 2042 somno
606 2010 725 2042 duxisti

273 2057 320 2090 Et
343 2058 502 2098 soporatis
528 2058 645 2090 ceteris

322 2104 403 2137 fiens
427 2105 563 2146 pervigii
590 2106 748 2139 mansisti.

241 2197 249 2205 .
276 2172 373 2212 Virgo
399 2176 511 2215 mater,
543 2173 586 2205 (la
608 2181 693 2204 nune
715 2174 830 2214 luctus,

274 2220 405 2252 Ventris
430 2221 478 2255 tui
503 2228 595 2253 saner
620 2218 743 2252 fructus

320 2267 447 2300 Pendet
470 2269 504 2300 in
528 2267 686 2311 patibulo,

272 2313 335 2346 Ille
357 2316 444 2347 mitis
471 2325 510 2348 ex
534 2319 567 2347 te
591 2318 686 2347 natus

274 2363 347 2396 liam
372 2366 438 2395 stat
460 2364 560 2396 clavis
584 2362 768 2403 perforatus

322 2411 351 2442 A
378 2409 505 2443 furente
529 2411 658 2451 populo.

906 242 938 273 3.
963 240 1073 283 Cerne,
1099 238 1156 278 fili,
1182 240 1315 270 matrem
1338 236 1465 270 flentem

963 287 1078 319 Tecum
1104 286 1184 317 mori
1209 286 1398 326 cupientem,

1011 334 1127 374 Specta
1152 342 1205 365 cor
1230 338 1260 364 et
1284 334 1451 372 lacrimas3

964 382 1015 413 Ad
1040 391 1091 414 me
1115 383 1205 413 verte
1229 382 1348 412 vultum
1368 383 1511 412 sanetum

962 429 1068 468 Atque
1091 427 1175 460 fidae
1198 429 1309 460 matris
1333 427 1496 468 planetum

1009 475 1208 508 Consolando
1232 476 1383 507 redimas

1097 596 1305 632 Responsoria.

930 698 937 704 .
965 672 1128 705 Consolari
1485 689 1500 708 2

1009 723 1111 752 mater
1136 729 1198 751 non
1224 721 1338 761 potuit,

964 768 1018 800 Sic
1041 769 1214 800 tractatum

1011 815 1133 854 videns,
1160 823 1253 854 quem
1276 814 1394 854 genuit,

963 861 1047 892 Fere
1073 863 1197 892 tantum

1011 909 1149 940 dolorem
1175 907 1296 947 habuit,

964 956 1120 994 Quantum
1144 955 1211 994 ille,

1009 1003 1063 1042 qui
1087 1005 1136 1033 tot
1159 1003 1317 1034 sustinuit.

923 1082 929 1089 .
960 1058 1099 1090 Mortem
1124 1058 1186 1089 Dei

1010 1106 1132 1143 videnS,
1159 1114 1250 1144 quem
1276 1106 1365 1144 aluit,

963 1151 1061 1183 Nulla
1086 1154 1188 1183 mater

1009 1207 1146 1238 unquam
1171 1199 1218 1229 sic
1244 1199 1354 1230 doluit.

928 1308 935 1314 .
963 1282 1042 1315 Cum
1064 1282 1146 1315 vidit
1169 1284 1330 1323 supplicia

1008 1330 1120 1362 mortis
1146 1331 1312 1370 exquisita,

962 1377 1142 1417 Torquetur
1169 1378 1327 1418 angustia,

1008 1423 1085 1456 fletu
1110 1427 1159 1456 est
1182 1426 1303 1467 attrita,

961 1472 1124 1504 Triduano
1149 1473 1253 1511 spatio

1011 1520 1085 1551 dum
1109 1519 1274 1559 langueret
1298 1520 1355 1560 ita,

961 1566 1093 1606 Squalet
1117 1566 1184 1605 ejus
1210 1565 1309 1598 facies

1008 1623 1110 1654 nuper
1134 1616 1199 1645 tam
1223 1615 1334 1654 polita.

921 1685 928 1692 .
960 1662 1066 1693 Poena
1089 1661 1136 1692 sic
1161 1669 1353 1700 exasperans

1008 1717 1168 1748 nunquam
1194 1712 1243 1739 est
1266 1709 1385 1750 audita,

960 1755 1070 1796 Longe
1095 1755 1158 1787 sibi
1184 1756 1288 1788 carior

1007 1812 1092 1835 mors
1119 1805 1188 1834 erat
1212 1812 1304 1842 quam
1329 1804 1405 1834 vita.

927 1914 934 1920 .
962 1888 1094 1927 Qualem
1122 1888 1236 1927 dicam,
1265 1889 1403 1929 (lomina,

1007 1944 1152 1977 poenam,
1179 1945 1272 1976 quam
1297 1936 1408 1978 tulisti,

961 1983 1120 2016 Crucifixo
1145 1982 1211 2015 filio

1005 2031 1132 2072 quando
1157 2034 1192 2062 tu
1219 2031 1345 2063 dixisti:

957 2079 1034 2112 Noli
1058 2087 1109 2111 me
1132 2080 1306 2119 superstite

1007 2127 1093 2159 solus
1118 2129 1252 2158 mortem
1277 2128 1357 2167 pati,

959 2176 1082 2214 Quaeso
1106 2173 1164 2206 fiat
1187 2175 1300 2206 similis

1004 2232 1090 2254 mors
1115 2223 1227 2254 matris
1252 2225 1282 2253 et
1306 2221 1385 2253 nati.

917 2295 924 2302 .
955 2270 1032 2302 Noli
1060 2277 1111 2301 me
1135 2270 1329 2310 relinquere,

1004 2318 1092 2358 Jesu,
1117 2316 1165 2348 fili
1189 2317 1281 2357 bone,

957 2365 1036 2406 Fae,
1064 2368 1103 2396 ut
1124 2367 1228 2396 tecum
1253 2365 1373 2397 moriar

1006 2416 1062 2445 tua
1085 2412 1246 2453 passione.
