<?xml version="1.0" encoding="UTF-8"?>
<!DOCTYPE html PUBLIC "-//W3C//DTD XHTML 1.0 Transitional//EN"
    "http://www.w3.org/TR/xhtml1/DTD/xhtml1-transitional.dtd">
<html xmlns="http://www.w3.org/1999/xhtml" xml:lang="en" lang="en">
 <head>
  <title>
</title>
<meta http-equiv="Content-Type" content="text/html;charset=utf-8" />
  <meta name='ocr-system' content='tesseract 3.04.00' />
  <meta name='ocr-capabilities' content='ocr_page ocr_carea ocr_par ocr_line ocrx_word'/>
</head>
<body>
  <div class='ocr_page' id='page_1' title='image "./analectahymnica24drevuoft_00036.png"; bbox 0 0 1652 2615; ppageno 0'>
   <div class='ocr_carea' id='block_1_1' title="bbox 669 128 902 163">
    <p class='ocr_par' dir='ltr' id='par_1_1' title="bbox 669 128 902 163">
     <span class='ocr_line' id='line_1_1' title="bbox 669 128 902 163; baseline 0.004 -10"><span class='ocrx_word' id='word_1_1' title='bbox 669 128 902 163; x_wconf 40' lang='grc' dir='ltr'><strong>ᾖ33-</strong></span> 
     </span>
    </p>
   </div>
   <div class='ocr_carea' id='block_1_2' title="bbox 135 217 656 397">
    <p class='ocr_par' dir='ltr' id='par_1_2' title="bbox 135 217 656 397">
     <span class='ocr_line' id='line_1_2' title="bbox 135 217 567 262; baseline 0.009 -13"><span class='ocrx_word' id='word_1_2' title='bbox 135 219 169 250; x_wconf 86' lang='grc'><strong>2.</strong></span> <span class='ocrx_word' id='word_1_3' title='bbox 197 217 383 262; x_wconf 80' lang='lat' dir='ltr'>Coronatus,</span> <span class='ocrx_word' id='word_1_4' title='bbox 411 221 567 253; x_wconf 83' lang='lat' dir='ltr'><strong>exaltatus</strong></span> 
     </span>
     <span class='ocr_line' id='line_1_3' title="bbox 241 263 621 308; baseline 0.011 -12"><span class='ocrx_word' id='word_1_5' title='bbox 241 263 295 297; x_wconf 86' lang='lat' dir='ltr'><strong>Ad</strong></span> <span class='ocrx_word' id='word_1_6' title='bbox 320 274 355 296; x_wconf 90' lang='lat' dir='ltr'><strong>se</strong></span> <span class='ocrx_word' id='word_1_7' title='bbox 380 267 479 298; x_wconf 84' lang='lat' dir='ltr'><strong>traxit</strong></span> <span class='ocrx_word' id='word_1_8' title='bbox 505 269 621 308; x_wconf 81' lang='lat' dir='ltr'><strong>omnia,</strong></span> 
     </span>
     <span class='ocr_line' id='line_1_4' title="bbox 193 311 656 353; baseline 0.011 -11"><span class='ocrx_word' id='word_1_9' title='bbox 193 311 249 342; x_wconf 89' lang='lat' dir='ltr'><strong>Vis</strong></span> <span class='ocrx_word' id='word_1_10' title='bbox 274 312 452 350; x_wconf 80' lang='lat' dir='ltr'><strong>palmaium</strong></span> <span class='ocrx_word' id='word_1_11' title='bbox 477 318 656 353; x_wconf 73' lang='lat' dir='ltr'><strong>apertazutn</strong></span> 
     </span>
     <span class='ocr_line' id='line_1_5' title="bbox 238 358 537 397; baseline 0.02 -9"><span class='ocrx_word' id='word_1_12' title='bbox 238 358 353 397; x_wconf 74' lang='lat' dir='ltr'><strong>Aperit</strong></span> <span class='ocrx_word' id='word_1_13' title='bbox 378 360 537 395; x_wconf 81' lang='lat' dir='ltr'><strong>eoelestia.</strong></span> 
     </span>
    </p>
   </div>
   <div class='ocr_carea' id='block_1_3' title="bbox 137 434 723 615">
    <p class='ocr_par' dir='ltr' id='par_1_3' title="bbox 137 434 723 615">
     <span class='ocr_line' id='line_1_6' title="bbox 137 434 723 473; baseline 0.007 -7"><span class='ocrx_word' id='word_1_14' title='bbox 137 434 168 466; x_wconf 89' lang='lat'><strong>3.</strong></span> <span class='ocrx_word' id='word_1_15' title='bbox 194 434 310 473; x_wconf 88' lang='lat' dir='ltr'>Homo,</span> <span class='ocrx_word' id='word_1_16' title='bbox 336 444 459 467; x_wconf 90' lang='lat' dir='ltr'><strong>sursum</strong></span> <span class='ocrx_word' id='word_1_17' title='bbox 486 444 579 469; x_wconf 86' lang='lat' dir='ltr'><strong>cerne</strong></span> <span class='ocrx_word' id='word_1_18' title='bbox 601 447 723 470; x_wconf 87' lang='lat' dir='ltr'><strong>rursum</strong></span> 
     </span>
     <span class='ocr_line' id='line_1_7' title="bbox 241 480 630 526; baseline 0.015 -15"><span class='ocrx_word' id='word_1_19' title='bbox 241 480 366 513; x_wconf 81' lang='lat' dir='ltr'><strong>sertum</strong></span> <span class='ocrx_word' id='word_1_20' title='bbox 391 482 452 514; x_wconf 91' lang='lat' dir='ltr'><strong>Dei</strong></span> <span class='ocrx_word' id='word_1_21' title='bbox 477 484 630 526; x_wconf 86' lang='lat' dir='ltr'><strong>spineum,</strong></span> 
     </span>
     <span class='ocr_line' id='line_1_8' title="bbox 194 527 684 571; baseline 0.012 -14"><span class='ocrx_word' id='word_1_22' title='bbox 194 527 258 558; x_wconf 86' lang='lat' dir='ltr'><strong>Hic</strong></span> <span class='ocrx_word' id='word_1_23' title='bbox 282 528 416 569; x_wconf 72' lang='lat' dir='ltr'><strong>redegit,</strong></span> <span class='ocrx_word' id='word_1_24' title='bbox 442 530 597 570; x_wconf 80' lang='lat' dir='ltr'><strong>quidquid</strong></span> <span class='ocrx_word' id='word_1_25' title='bbox 623 533 684 571; x_wconf 84' lang='lat' dir='ltr'><strong>egit</strong></span> 
     </span>
     <span class='ocr_line' id='line_1_9' title="bbox 241 575 670 615; baseline 0.014 -10"><span class='ocrx_word' id='word_1_26' title='bbox 241 575 304 606; x_wconf 87' lang='lat' dir='ltr'><strong>Per</strong></span> <span class='ocrx_word' id='word_1_27' title='bbox 328 579 507 615; x_wconf 84' lang='lat' dir='ltr'>serpentem</span> <span class='ocrx_word' id='word_1_28' title='bbox 531 586 670 612; x_wconf 87' lang='lat' dir='ltr'><strong>aeneum.</strong></span> 
     </span>
    </p>
   </div>
   <div class='ocr_carea' id='block_1_4' title="bbox 130 647 643 832">
    <p class='ocr_par' dir='ltr' id='par_1_4' title="bbox 130 647 643 832">
     <span class='ocr_line' id='line_1_10' title="bbox 130 647 477 693; baseline 0.006 -13"><span class='ocrx_word' id='word_1_29' title='bbox 130 650 162 682; x_wconf 79' lang='lat'><strong>4.</strong></span> <span class='ocrx_word' id='word_1_30' title='bbox 191 647 341 680; x_wconf 78' lang='lat' dir='ltr'><strong>Crucifixi</strong></span> <span class='ocrx_word' id='word_1_31' title='bbox 365 651 477 693; x_wconf 88' lang='lat' dir='ltr'><strong>spolia,</strong></span> 
     </span>
     <span class='ocr_line' id='line_1_11' title="bbox 237 696 601 740; baseline 0.005 -12"><span class='ocrx_word' id='word_1_32' title='bbox 237 696 331 736; x_wconf 85' lang='lat' dir='ltr'><strong>Crux,</strong></span> <span class='ocrx_word' id='word_1_33' title='bbox 359 705 482 736; x_wconf 84' lang='lat' dir='ltr'><strong>corona,</strong></span> <span class='ocrx_word' id='word_1_34' title='bbox 511 699 601 740; x_wconf 79' lang='lat' dir='ltr'><strong>clavi,</strong></span> 
     </span>
     <span class='ocr_line' id='line_1_12' title="bbox 190 743 577 788; baseline 0.01 -15"><span class='ocrx_word' id='word_1_35' title='bbox 190 743 370 774; x_wconf 78' lang='lat' dir='ltr'><strong>Transeunt</strong></span> <span class='ocrx_word' id='word_1_36' title='bbox 394 752 414 775; x_wconf 91' lang='lat' dir='ltr'><strong>a</strong></span> <span class='ocrx_word' id='word_1_37' title='bbox 438 745 577 788; x_wconf 83' lang='lat' dir='ltr'><strong>sedibus,</strong></span> 
     </span>
     <span class='ocr_line' id='line_1_13' title="bbox 236 789 643 832; baseline 0.015 -12"><span class='ocrx_word' id='word_1_38' title='bbox 236 790 319 829; x_wconf 81' lang='lat' dir='ltr'><strong>Quas</strong></span> <span class='ocrx_word' id='word_1_39' title='bbox 345 789 519 824; x_wconf 74' lang='lat' dir='ltr'>foedabant</span> <span class='ocrx_word' id='word_1_40' title='bbox 542 793 643 832; x_wconf 86' lang='lat' dir='ltr'><strong>pravi.</strong></span> 
     </span>
    </p>
   </div>
   <div class='ocr_carea' id='block_1_5' title="bbox 131 864 601 1140">
    <p class='ocr_par' dir='ltr' id='par_1_5' title="bbox 131 864 601 1140">
     <span class='ocr_line' id='line_1_14' title="bbox 131 864 513 906; baseline 0.008 -11"><span class='ocrx_word' id='word_1_41' title='bbox 131 865 161 895; x_wconf 90' lang='lat'><strong>5.</strong></span> <span class='ocrx_word' id='word_1_42' title='bbox 188 864 285 906; x_wconf 85' lang='lat' dir='ltr'><strong>Eece,</strong></span> <span class='ocrx_word' id='word_1_43' title='bbox 310 864 348 897; x_wconf 86' lang='lat' dir='ltr'><strong>fit</strong></span> <span class='ocrx_word' id='word_1_44' title='bbox 372 867 513 899; x_wconf 77' lang='lat' dir='ltr'><strong>Parisius</strong></span> 
     </span>
     <span class='ocr_line' id='line_1_15' title="bbox 236 913 499 954; baseline 0.004 -10"><span class='ocrx_word' id='word_1_45' title='bbox 236 913 382 945; x_wconf 85' lang='lat' dir='ltr'><strong>Paradisi</strong></span> <span class='ocrx_word' id='word_1_46' title='bbox 406 914 499 954; x_wconf 84' lang='lat' dir='ltr'><strong>risus,</strong></span> 
     </span>
     <span class='ocr_line' id='line_1_16' title="bbox 190 958 493 992; baseline 0.007 -2"><span class='ocrx_word' id='word_1_47' title='bbox 190 958 254 991; x_wconf 85' lang='lat' dir='ltr'><strong>Ubi</strong></span> <span class='ocrx_word' id='word_1_48' title='bbox 279 959 367 991; x_wconf 85' lang='lat' dir='ltr'><strong>viror</strong></span> <span class='ocrx_word' id='word_1_49' title='bbox 392 961 493 992; x_wconf 88' lang='lat' dir='ltr'><strong>oritur</strong></span> 
     </span>
     <span class='ocr_line' id='line_1_17' title="bbox 235 1006 601 1048; baseline 0.005 -10"><span class='ocrx_word' id='word_1_50' title='bbox 235 1006 329 1038; x_wconf 84' lang='lat' dir='ltr'>Junci</span> <span class='ocrx_word' id='word_1_51' title='bbox 353 1007 479 1047; x_wconf 81' lang='lat' dir='ltr'>pulchri</span> <span class='ocrx_word' id='word_1_52' title='bbox 505 1008 601 1048; x_wconf 86' lang='lat' dir='ltr'><strong>visus,</strong></span> 
     </span>
     <span class='ocr_line' id='line_1_18' title="bbox 189 1053 554 1092; baseline 0.005 -9"><span class='ocrx_word' id='word_1_53' title='bbox 189 1053 228 1083; x_wconf 85' lang='lat' dir='ltr'><strong>ln</strong></span> <span class='ocrx_word' id='word_1_54' title='bbox 253 1062 314 1092; x_wconf 84' lang='lat' dir='ltr'><strong>quo</strong></span> <span class='ocrx_word' id='word_1_55' title='bbox 340 1063 397 1086; x_wconf 83' lang='lat' dir='ltr'><strong>sua</strong></span> <span class='ocrx_word' id='word_1_56' title='bbox 420 1055 554 1086; x_wconf 82' lang='lat' dir='ltr'><strong>messuit</strong></span> 
     </span>
     <span class='ocr_line' id='line_1_19' title="bbox 235 1101 521 1140; baseline 0.007 -9"><span class='ocrx_word' id='word_1_57' title='bbox 235 1102 321 1131; x_wconf 87' lang='lat' dir='ltr'><strong>serta</strong></span> <span class='ocrx_word' id='word_1_58' title='bbox 344 1101 521 1140; x_wconf 81' lang='lat' dir='ltr'><strong>paradisus,</strong></span> 
     </span>
    </p>
   </div>
   <div class='ocr_carea' id='block_1_6' title="bbox 308 1183 559 1212">
    <p class='ocr_par' dir='ltr' id='par_1_6' title="bbox 308 1183 559 1212">
     <span class='ocr_line' id='line_1_20' title="bbox 308 1183 559 1212; baseline 0 -1"><span class='ocrx_word' id='word_1_59' title='bbox 308 1183 354 1211; x_wconf 81' lang='lat' dir='ltr'><strong>Ad</strong></span> <span class='ocrx_word' id='word_1_60' title='bbox 374 1184 559 1212; x_wconf 71' lang='lat' dir='ltr'><strong>Benedictus.</strong></span> 
     </span>
    </p>
   </div>
   <div class='ocr_carea' id='block_1_7' title="bbox 123 1240 557 1610">
    <p class='ocr_par' dir='ltr' id='par_1_7' title="bbox 123 1240 438 1280">
     <span class='ocr_line' id='line_1_21' title="bbox 123 1240 438 1280; baseline 0 -8"><span class='ocrx_word' id='word_1_61' title='bbox 123 1242 164 1273; x_wconf 88' lang='lat' dir='ltr'><strong>A.</strong></span> <span class='ocrx_word' id='word_1_62' title='bbox 201 1240 297 1280; x_wconf 86' lang='lat' dir='ltr'><strong>Ecce,</strong></span> <span class='ocrx_word' id='word_1_63' title='bbox 324 1240 438 1273; x_wconf 85' lang='lat' dir='ltr'><strong>festum</strong></span> 
     </span>
    </p>

    <p class='ocr_par' dir='ltr' id='par_1_8' title="bbox 244 1289 510 1321">
     <span class='ocr_line' id='line_1_22' title="bbox 244 1289 510 1321; baseline 0.008 -2"><span class='ocrx_word' id='word_1_64' title='bbox 244 1297 345 1320; x_wconf 88' lang='lat' dir='ltr'><strong>novae</strong></span> <span class='ocrx_word' id='word_1_65' title='bbox 368 1289 510 1321; x_wconf 83' lang='lat' dir='ltr'><strong>laetitiae</strong></span> 
     </span>
    </p>

    <p class='ocr_par' dir='ltr' id='par_1_9' title="bbox 193 1334 516 1422">
     <span class='ocr_line' id='line_1_23' title="bbox 193 1334 407 1375; baseline 0.005 -10"><span class='ocrx_word' id='word_1_66' title='bbox 193 1334 289 1366; x_wconf 73' lang='lat' dir='ltr'><strong>Lucis</strong></span> <span class='ocrx_word' id='word_1_67' title='bbox 314 1338 407 1375; x_wconf 85' lang='lat' dir='ltr'><strong>auget</strong></span> 
     </span>
     <span class='ocr_line' id='line_1_24' title="bbox 241 1382 516 1422; baseline 0.007 -9"><span class='ocrx_word' id='word_1_68' title='bbox 241 1382 386 1413; x_wconf 77' lang='lat' dir='ltr'><strong>decorem</strong></span> <span class='ocrx_word' id='word_1_69' title='bbox 410 1382 516 1422; x_wconf 80' lang='lat' dir='ltr'><strong>hodie,</strong></span> 
     </span>
    </p>

    <p class='ocr_par' dir='ltr' id='par_1_10' title="bbox 193 1429 557 1509">
     <span class='ocr_line' id='line_1_25' title="bbox 193 1429 474 1469; baseline 0.004 -9"><span class='ocrx_word' id='word_1_70' title='bbox 193 1429 259 1467; x_wconf 78' lang='lat' dir='ltr'><strong>Quo</strong></span> <span class='ocrx_word' id='word_1_71' title='bbox 284 1437 341 1460; x_wconf 85' lang='lat' dir='ltr'><strong>rex</strong></span> <span class='ocrx_word' id='word_1_72' title='bbox 366 1437 474 1469; x_wconf 87' lang='lat' dir='ltr'><strong>regum</strong></span> 
     </span>
     <span class='ocr_line' id='line_1_26' title="bbox 242 1475 557 1509; baseline 0 -1"><span class='ocrx_word' id='word_1_73' title='bbox 242 1476 377 1508; x_wconf 84' lang='lat' dir='ltr'><strong>dilectae</strong></span> <span class='ocrx_word' id='word_1_74' title='bbox 401 1475 557 1509; x_wconf 85' lang='lat' dir='ltr'><strong>Franciae</strong></span> 
     </span>
    </p>

    <p class='ocr_par' dir='ltr' id='par_1_11' title="bbox 192 1521 555 1610">
     <span class='ocr_line' id='line_1_27' title="bbox 192 1521 475 1563; baseline 0.004 -9"><span class='ocrx_word' id='word_1_75' title='bbox 192 1521 317 1554; x_wconf 88' lang='lat' dir='ltr'><strong>Sertum</strong></span> <span class='ocrx_word' id='word_1_76' title='bbox 341 1523 475 1563; x_wconf 76' lang='lat' dir='ltr'><strong>praebet</strong></span> 
     </span>
     <span class='ocr_line' id='line_1_28' title="bbox 240 1570 555 1610; baseline 0.006 -9"><span class='ocrx_word' id='word_1_77' title='bbox 240 1570 372 1602; x_wconf 87' lang='lat' dir='ltr'><strong>cervicis</strong></span> <span class='ocrx_word' id='word_1_78' title='bbox 396 1572 555 1610; x_wconf 83' lang='lat' dir='ltr'><strong>propriae.</strong></span> 
     </span>
    </p>
   </div>
   <div class='ocr_carea' id='block_1_8' title="bbox 217 1673 634 1705">
    <p class='ocr_par' dir='ltr' id='par_1_12' title="bbox 217 1673 634 1705">
     <span class='ocr_line' id='line_1_29' title="bbox 217 1673 634 1705; baseline 0.002 -1"><span class='ocrx_word' id='word_1_79' title='bbox 217 1673 279 1705; x_wconf 91' lang='lat' dir='ltr'><strong>Ad</strong></span> <span class='ocrx_word' id='word_1_80' title='bbox 305 1673 463 1705; x_wconf 84' lang='lat' dir='ltr'><strong>Parvas</strong></span> <span class='ocrx_word' id='word_1_81' title='bbox 488 1673 634 1705; x_wconf 84' lang='lat' dir='ltr'><strong>Horas.</strong></span> 
     </span>
    </p>
   </div>
   <div class='ocr_carea' id='block_1_9' title="bbox 324 1747 526 1774">
    <p class='ocr_par' dir='ltr' id='par_1_13' title="bbox 324 1747 526 1774">
     <span class='ocr_line' id='line_1_30' title="bbox 324 1747 526 1774; baseline -0.005 0"><span class='ocrx_word' id='word_1_82' title='bbox 324 1747 370 1774; x_wconf 81' lang='lat' dir='ltr'><strong>Ad</strong></span> <span class='ocrx_word' id='word_1_83' title='bbox 389 1747 526 1774; x_wconf 80' lang='lat' dir='ltr'><strong>Primam.</strong></span> 
     </span>
    </p>
   </div>
   <div class='ocr_carea' id='block_1_10' title="bbox 117 1804 604 2170">
    <p class='ocr_par' dir='ltr' id='par_1_14' title="bbox 117 1804 604 2170">
     <span class='ocr_line' id='line_1_31' title="bbox 117 1804 579 1845; baseline 0 -9"><span class='ocrx_word' id='word_1_84' title='bbox 117 1805 155 1837; x_wconf 92' lang='lat' dir='ltr'><strong>A.</strong></span> <span class='ocrx_word' id='word_1_85' title='bbox 191 1804 288 1845; x_wconf 75' lang='lat' dir='ltr'><strong>Regis</strong></span> <span class='ocrx_word' id='word_1_86' title='bbox 319 1806 414 1845; x_wconf 86' lang='lat' dir='ltr'><strong>caput</strong></span> <span class='ocrx_word' id='word_1_87' title='bbox 438 1804 579 1836; x_wconf 79' lang='lat' dir='ltr'><strong>ambiens</strong></span> 
     </span>
     <span class='ocr_line' id='line_1_32' title="bbox 233 1852 603 1884; baseline -0.003 0"><span class='ocrx_word' id='word_1_88' title='bbox 233 1852 359 1884; x_wconf 82' lang='lat' dir='ltr'><strong>Sertum</strong></span> <span class='ocrx_word' id='word_1_89' title='bbox 383 1860 603 1884; x_wconf 84' lang='lat' dir='ltr'><strong>aerumnosum</strong></span> 
     </span>
     <span class='ocr_line' id='line_1_33' title="bbox 185 1899 473 1940; baseline -0.003 -9"><span class='ocrx_word' id='word_1_90' title='bbox 185 1900 340 1940; x_wconf 75' lang='lat' dir='ltr'><strong>Angulaii</strong></span> <span class='ocrx_word' id='word_1_91' title='bbox 364 1899 473 1938; x_wconf 85' lang='lat' dir='ltr'><strong>lapide</strong></span> 
     </span>
     <span class='ocr_line' id='line_1_34' title="bbox 238 1946 506 1987; baseline 0 -9"><span class='ocrx_word' id='word_1_92' title='bbox 238 1946 299 1978; x_wconf 82' lang='lat' dir='ltr'><strong>fuit</strong></span> <span class='ocrx_word' id='word_1_93' title='bbox 321 1946 506 1987; x_wconf 85' lang='lat' dir='ltr'><strong>pretiosum,</strong></span> 
     </span>
     <span class='ocr_line' id='line_1_35' title="bbox 182 1993 517 2034; baseline 0 -9"><span class='ocrx_word' id='word_1_94' title='bbox 182 1993 272 2025; x_wconf 84' lang='lat' dir='ltr'><strong>Inter</strong></span> <span class='ocrx_word' id='word_1_95' title='bbox 297 2002 409 2034; x_wconf 82' lang='lat' dir='ltr'><strong>vepres</strong></span> <span class='ocrx_word' id='word_1_96' title='bbox 435 1995 517 2026; x_wconf 80' lang='lat' dir='ltr'><strong>aries</strong></span> 
     </span>
     <span class='ocr_line' id='line_1_36' title="bbox 231 2041 566 2083; baseline -0.003 -10"><span class='ocrx_word' id='word_1_97' title='bbox 231 2041 379 2073; x_wconf 79' lang='lat' dir='ltr'><strong>cornibus</strong></span> <span class='ocrx_word' id='word_1_98' title='bbox 403 2041 566 2083; x_wconf 80' lang='lat' dir='ltr'><strong>haerebat,</strong></span> 
     </span>
     <span class='ocr_line' id='line_1_37' title="bbox 186 2088 604 2128; baseline -0.005 -8"><span class='ocrx_word' id='word_1_99' title='bbox 186 2088 262 2120; x_wconf 90' lang='lat' dir='ltr'><strong>Cum</strong></span> <span class='ocrx_word' id='word_1_100' title='bbox 289 2096 434 2122; x_wconf 84' lang='lat' dir='ltr'><strong>coronam</strong></span> <span class='ocrx_word' id='word_1_101' title='bbox 462 2090 604 2128; x_wconf 84' lang='lat' dir='ltr'><strong>spineam</strong></span> 
     </span>
     <span class='ocr_line' id='line_1_38' title="bbox 231 2135 515 2170; baseline 0.011 -4"><span class='ocrx_word' id='word_1_102' title='bbox 231 2135 358 2167; x_wconf 85' lang='lat' dir='ltr'><strong>vietima</strong></span> <span class='ocrx_word' id='word_1_103' title='bbox 382 2135 515 2170; x_wconf 82' lang='lat' dir='ltr'><strong>ferebat.</strong></span> 
     </span>
    </p>
   </div>
   <div class='ocr_carea' id='block_1_11' title="bbox 815 225 1285 633">
    <p class='ocr_par' dir='ltr' id='par_1_15' title="bbox 815 225 1285 633">
     <span class='ocr_line' id='line_1_39' title="bbox 1025 225 1228 253; baseline 0 0"><span class='ocrx_word' id='word_1_104' title='bbox 1025 225 1070 253; x_wconf 80' lang='lat' dir='ltr'><strong>Ad</strong></span> <span class='ocrx_word' id='word_1_105' title='bbox 1090 226 1228 253; x_wconf 79' lang='lat' dir='ltr'><strong>Tertiam.</strong></span> 
     </span>
     <span class='ocr_line' id='line_1_40' title="bbox 815 271 1266 312; baseline 0.004 -9"><span class='ocrx_word' id='word_1_106' title='bbox 815 271 854 303; x_wconf 88' lang='lat' dir='ltr'><strong>A.</strong></span> <span class='ocrx_word' id='word_1_107' title='bbox 889 271 1061 304; x_wconf 82' lang='lat' dir='ltr'><strong>Hominum</strong></span> <span class='ocrx_word' id='word_1_108' title='bbox 1089 281 1168 312; x_wconf 87' lang='lat' dir='ltr'><strong>prae</strong></span> <span class='ocrx_word' id='word_1_109' title='bbox 1190 273 1266 305; x_wconf 73' lang='lat' dir='ltr'><strong>filiis</strong></span> 
     </span>
     <span class='ocr_line' id='line_1_41' title="bbox 934 317 1220 359; baseline 0.007 -9"><span class='ocrx_word' id='word_1_110' title='bbox 934 317 1036 351; x_wconf 80' lang='lat' dir='ltr'><strong>fornia</strong></span> <span class='ocrx_word' id='word_1_111' title='bbox 1060 321 1220 359; x_wconf 85' lang='lat' dir='ltr'><strong>speciosus</strong></span> 
     </span>
     <span class='ocr_line' id='line_1_42' title="bbox 886 366 1199 407; baseline 0.01 -11"><span class='ocrx_word' id='word_1_112' title='bbox 886 366 921 397; x_wconf 82' lang='lat' dir='ltr'><strong>In</strong></span> <span class='ocrx_word' id='word_1_113' title='bbox 949 374 1064 398; x_wconf 85' lang='lat' dir='ltr'><strong>corona</strong></span> <span class='ocrx_word' id='word_1_114' title='bbox 1088 368 1199 407; x_wconf 89' lang='lat' dir='ltr'><strong>spinea</strong></span> 
     </span>
     <span class='ocr_line' id='line_1_43' title="bbox 931 410 1207 454; baseline 0.007 -11"><span class='ocrx_word' id='word_1_115' title='bbox 931 410 1021 444; x_wconf 86' lang='lat' dir='ltr'><strong>fulsit</strong></span> <span class='ocrx_word' id='word_1_116' title='bbox 1045 414 1207 454; x_wconf 85' lang='lat' dir='ltr'><strong>gloriosus,</strong></span> 
     </span>
     <span class='ocr_line' id='line_1_44' title="bbox 884 458 1285 499; baseline 0.007 -10"><span class='ocrx_word' id='word_1_117' title='bbox 884 458 966 490; x_wconf 86' lang='lat' dir='ltr'><strong>Rubi</strong></span> <span class='ocrx_word' id='word_1_118' title='bbox 993 461 1145 499; x_wconf 85' lang='lat' dir='ltr'><strong>splendor</strong></span> <span class='ocrx_word' id='word_1_119' title='bbox 1170 462 1285 492; x_wconf 73' lang='lat' dir='ltr'><strong>veteris</strong></span> 
     </span>
     <span class='ocr_line' id='line_1_45' title="bbox 930 505 1248 550; baseline 0.006 -13"><span class='ocrx_word' id='word_1_120' title='bbox 930 505 962 537; x_wconf 83' lang='lat' dir='ltr'><strong>in</strong></span> <span class='ocrx_word' id='word_1_121' title='bbox 988 507 1050 538; x_wconf 83' lang='lat' dir='ltr'><strong>hae</strong></span> <span class='ocrx_word' id='word_1_122' title='bbox 1070 511 1248 550; x_wconf 87' lang='lat' dir='ltr'><strong>renovatur,</strong></span> 
     </span>
     <span class='ocr_line' id='line_1_46' title="bbox 884 552 1219 594; baseline 0.006 -11"><span class='ocrx_word' id='word_1_123' title='bbox 884 552 974 584; x_wconf 85' lang='lat' dir='ltr'><strong>Novo</strong></span> <span class='ocrx_word' id='word_1_124' title='bbox 1003 553 1081 584; x_wconf 87' lang='lat' dir='ltr'><strong>rubo</strong></span> <span class='ocrx_word' id='word_1_125' title='bbox 1106 553 1219 594; x_wconf 81' lang='lat' dir='ltr'><strong>legifer</strong></span> 
     </span>
     <span class='ocr_line' id='line_1_47' title="bbox 930 604 1233 633; baseline 0.01 -3"><span class='ocrx_word' id='word_1_126' title='bbox 930 607 1028 631; x_wconf 85' lang='lat' dir='ltr'><strong>novus</strong></span> <span class='ocrx_word' id='word_1_127' title='bbox 1054 604 1233 633; x_wconf 76' lang='lat' dir='ltr'><strong>coronatur.</strong></span> 
     </span>
    </p>
   </div>
   <div class='ocr_carea' id='block_1_12' title="bbox 810 663 1237 932">
    <p class='ocr_par' dir='ltr' id='par_1_16' title="bbox 810 663 1237 932">
     <span class='ocr_line' id='line_1_48' title="bbox 1031 663 1222 692; baseline 0.01 -2"><span class='ocrx_word' id='word_1_128' title='bbox 1031 663 1077 691; x_wconf 81' lang='lat' dir='ltr'><strong>Ad</strong></span> <span class='ocrx_word' id='word_1_129' title='bbox 1097 664 1222 692; x_wconf 77' lang='lat' dir='ltr'><strong>sextam.</strong></span> 
     </span>
     <span class='ocr_line' id='line_1_49' title="bbox 810 710 1220 751; baseline 0.005 -9"><span class='ocrx_word' id='word_1_130' title='bbox 810 710 851 742; x_wconf 82' lang='lat' dir='ltr'><strong>A.</strong></span> <span class='ocrx_word' id='word_1_131' title='bbox 888 710 976 742; x_wconf 81' lang='lat' dir='ltr'><strong>Sicut</strong></span> <span class='ocrx_word' id='word_1_132' title='bbox 1001 711 1086 743; x_wconf 86' lang='lat' dir='ltr'><strong>dulci</strong></span> <span class='ocrx_word' id='word_1_133' title='bbox 1111 713 1220 751; x_wconf 77' lang='lat' dir='ltr'><strong>pluvia.</strong></span> 
     </span>
     <span class='ocr_line' id='line_1_50' title="bbox 930 756 1222 799; baseline 0.003 -10"><span class='ocrx_word' id='word_1_134' title='bbox 930 756 1087 789; x_wconf 84' lang='lat' dir='ltr'><strong>Gedeonis</strong></span> <span class='ocrx_word' id='word_1_135' title='bbox 1112 759 1222 799; x_wconf 87' lang='lat' dir='ltr'><strong>vellus,</strong></span> 
     </span>
     <span class='ocr_line' id='line_1_51' title="bbox 880 803 1206 845; baseline 0.006 -10"><span class='ocrx_word' id='word_1_136' title='bbox 880 803 933 835; x_wconf 82' lang='lat' dir='ltr'><strong>Sic</strong></span> <span class='ocrx_word' id='word_1_137' title='bbox 958 805 1077 836; x_wconf 81' lang='lat' dir='ltr'><strong>recenti</strong></span> <span class='ocrx_word' id='word_1_138' title='bbox 1103 806 1206 845; x_wconf 87' lang='lat' dir='ltr'><strong>gratia</strong></span> 
     </span>
     <span class='ocr_line' id='line_1_52' title="bbox 881 850 1203 892; baseline 0 -9"><span class='ocrx_word' id='word_1_139' title='bbox 881 850 1036 883; x_wconf 86' lang='lat' dir='ltr'><strong>Visitatur</strong></span> <span class='ocrx_word' id='word_1_140' title='bbox 1057 850 1203 892; x_wconf 79' lang='lat' dir='ltr'><strong>Francia,</strong></span> 
     </span>
     <span class='ocr_line' id='line_1_53' title="bbox 926 897 1237 932; baseline 0.003 -2"><span class='ocrx_word' id='word_1_141' title='bbox 926 897 1025 930; x_wconf 80' lang='lat' dir='ltr'><strong>Sacra</strong></span> <span class='ocrx_word' id='word_1_142' title='bbox 1048 897 1109 929; x_wconf 90' lang='lat' dir='ltr'><strong>Dei</strong></span> <span class='ocrx_word' id='word_1_143' title='bbox 1134 899 1237 932; x_wconf 79' lang='lat' dir='ltr'><strong>tellus,</strong></span> 
     </span>
    </p>
   </div>
   <div class='ocr_carea' id='block_1_13' title="bbox 806 962 1355 1190">
    <p class='ocr_par' dir='ltr' id='par_1_17' title="bbox 806 962 1355 1190">
     <span class='ocr_line' id='line_1_54' title="bbox 1022 962 1208 991; baseline 0.005 -2"><span class='ocrx_word' id='word_1_144' title='bbox 1022 962 1068 990; x_wconf 81' lang='lat' dir='ltr'><strong>Ad</strong></span> <span class='ocrx_word' id='word_1_145' title='bbox 1086 963 1208 991; x_wconf 83' lang='lat' dir='ltr'><strong>Nonam.</strong></span> 
     </span>
     <span class='ocr_line' id='line_1_55' title="bbox 806 1010 1355 1049; baseline 0.005 -8"><span class='ocrx_word' id='word_1_146' title='bbox 806 1011 847 1042; x_wconf 83' lang='lat' dir='ltr'><strong>A.</strong></span> <span class='ocrx_word' id='word_1_147' title='bbox 881 1010 974 1049; x_wconf 80' lang='lat' dir='ltr'><strong>Quasi</strong></span> <span class='ocrx_word' id='word_1_148' title='bbox 999 1020 1148 1049; x_wconf 87' lang='lat' dir='ltr'><strong>sponsum</strong></span> <span class='ocrx_word' id='word_1_149' title='bbox 1174 1012 1355 1044; x_wconf 82' lang='lat' dir='ltr'><strong>decoratum</strong></span> 
     </span>
     <span class='ocr_line' id='line_1_56' title="bbox 926 1056 1216 1089; baseline 0 0"><span class='ocrx_word' id='word_1_150' title='bbox 926 1056 1051 1089; x_wconf 84' lang='lat' dir='ltr'><strong>Corona</strong></span> <span class='ocrx_word' id='word_1_151' title='bbox 1073 1058 1216 1089; x_wconf 86' lang='lat' dir='ltr'><strong>laetitiae</strong></span> 
     </span>
     <span class='ocr_line' id='line_1_57' title="bbox 878 1103 1336 1142; baseline 0.004 -7"><span class='ocrx_word' id='word_1_152' title='bbox 878 1103 1132 1142; x_wconf 86' lang='lat' dir='ltr'><strong>Contemplemur</strong></span> <span class='ocrx_word' id='word_1_153' title='bbox 1156 1109 1336 1137; x_wconf 82' lang='lat' dir='ltr'><strong>coronatum</strong></span> 
     </span>
     <span class='ocr_line' id='line_1_58' title="bbox 922 1151 1350 1190; baseline 0.005 -8"><span class='ocrx_word' id='word_1_154' title='bbox 922 1151 1041 1190; x_wconf 81' lang='lat' dir='ltr'><strong>Regem</strong></span> <span class='ocrx_word' id='word_1_155' title='bbox 1063 1151 1222 1183; x_wconf 83' lang='lat' dir='ltr'><strong>Christum</strong></span> <span class='ocrx_word' id='word_1_156' title='bbox 1246 1153 1350 1185; x_wconf 86' lang='lat' dir='ltr'><strong>hodie.</strong></span> 
     </span>
    </p>
   </div>
   <div class='ocr_carea' id='block_1_14' title="bbox 940 1252 1284 1353">
    <p class='ocr_par' dir='ltr' id='par_1_18' title="bbox 940 1252 1284 1353">
     <span class='ocr_line' id='line_1_59' title="bbox 940 1252 1284 1293; baseline 0.006 -9"><span class='ocrx_word' id='word_1_157' title='bbox 940 1252 986 1284; x_wconf 90' lang='lat' dir='ltr'><strong>In</strong></span> <span class='ocrx_word' id='word_1_158' title='bbox 1011 1253 1043 1285; x_wconf 86' lang='lat'><strong>2.</strong></span> <span class='ocrx_word' id='word_1_159' title='bbox 1071 1253 1284 1293; x_wconf 68' lang='lat' dir='ltr'><strong>Vesperis.</strong></span> 
     </span>
     <span class='ocr_line' id='line_1_60' title="bbox 981 1317 1224 1353; baseline 0.012 -10"><span class='ocrx_word' id='word_1_160' title='bbox 981 1317 1027 1344; x_wconf 81' lang='lat' dir='ltr'><strong>Ad</strong></span> <span class='ocrx_word' id='word_1_161' title='bbox 1045 1317 1224 1353; x_wconf 78' lang='lat' dir='ltr'><strong>Magnificat.</strong></span> 
     </span>
    </p>
   </div>
   <div class='ocr_carea' id='block_1_15' title="bbox 802 1373 1213 1742">
    <p class='ocr_par' dir='ltr' id='par_1_19' title="bbox 802 1373 1213 1742">
     <span class='ocr_line' id='line_1_61' title="bbox 802 1373 1131 1413; baseline 0.003 -8"><span class='ocrx_word' id='word_1_162' title='bbox 802 1376 842 1405; x_wconf 86' lang='lat' dir='ltr'><strong>A.</strong></span> <span class='ocrx_word' id='word_1_163' title='bbox 876 1373 1012 1413; x_wconf 83' lang='lat' dir='ltr'><strong>Christe,</strong></span> <span class='ocrx_word' id='word_1_164' title='bbox 1039 1374 1131 1406; x_wconf 83' lang='lat' dir='ltr'><strong>dator</strong></span> 
     </span>
     <span class='ocr_line' id='line_1_62' title="bbox 919 1421 1213 1463; baseline 0.003 -11"><span class='ocrx_word' id='word_1_165' title='bbox 919 1421 1057 1453; x_wconf 75' lang='lat' dir='ltr'><strong>victricis</strong></span> <span class='ocrx_word' id='word_1_166' title='bbox 1081 1423 1213 1463; x_wconf 82' lang='lat' dir='ltr'><strong>gratiae,</strong></span> 
     </span>
     <span class='ocr_line' id='line_1_63' title="bbox 870 1467 1094 1506; baseline 0.004 -7"><span class='ocrx_word' id='word_1_167' title='bbox 870 1467 952 1506; x_wconf 77' lang='lat' dir='ltr'><strong>Quos</strong></span> <span class='ocrx_word' id='word_1_168' title='bbox 979 1477 1094 1500; x_wconf 83' lang='lat' dir='ltr'><strong>corona</strong></span> 
     </span>
     <span class='ocr_line' id='line_1_64' title="bbox 919 1515 1186 1555; baseline 0.007 -9"><span class='ocrx_word' id='word_1_169' title='bbox 919 1515 1000 1546; x_wconf 86' lang='lat' dir='ltr'><strong>ditas</strong></span> <span class='ocrx_word' id='word_1_170' title='bbox 1025 1516 1186 1555; x_wconf 76' lang='lat' dir='ltr'><strong>viotmiae,</strong></span> 
     </span>
     <span class='ocr_line' id='line_1_65' title="bbox 869 1561 1093 1594; baseline 0 -2"><span class='ocrx_word' id='word_1_171' title='bbox 869 1561 936 1593; x_wconf 82' lang='lat' dir='ltr'><strong>Fae</strong></span> <span class='ocrx_word' id='word_1_172' title='bbox 959 1562 1093 1594; x_wconf 85' lang='lat' dir='ltr'><strong>victores</strong></span> 
     </span>
     <span class='ocr_line' id='line_1_66' title="bbox 914 1609 1205 1647; baseline 0.003 -8"><span class='ocrx_word' id='word_1_173' title='bbox 914 1609 1024 1640; x_wconf 84' lang='lat' dir='ltr'><strong>mundi</strong></span> <span class='ocrx_word' id='word_1_174' title='bbox 1048 1610 1205 1647; x_wconf 86' lang='lat' dir='ltr'><strong>miseriae,</strong></span> 
     </span>
     <span class='ocr_line' id='line_1_67' title="bbox 870 1655 1072 1688; baseline 0.005 -1"><span class='ocrx_word' id='word_1_175' title='bbox 870 1655 1072 1688; x_wconf 86' lang='lat' dir='ltr'><strong>Coronandos</strong></span> 
     </span>
     <span class='ocr_line' id='line_1_68' title="bbox 915 1702 1183 1742; baseline 0.004 -10"><span class='ocrx_word' id='word_1_176' title='bbox 915 1710 1030 1734; x_wconf 81' lang='lat' dir='ltr'><strong>corona</strong></span> <span class='ocrx_word' id='word_1_177' title='bbox 1055 1702 1183 1742; x_wconf 84' lang='lat' dir='ltr'><strong>gloriae.</strong></span> 
     </span>
    </p>
   </div>
   <div class='ocr_carea' id='block_1_16' title="bbox 797 1756 1304 2176">
    <p class='ocr_par' dir='ltr' id='par_1_20' title="bbox 797 1756 1304 2176">
     <span class='ocr_line' id='line_1_69' title="bbox 797 1756 1200 1798; baseline -0.005 -7"><span class='ocrx_word' id='word_1_178' title='bbox 797 1759 835 1791; x_wconf 89' lang='lat' dir='ltr'><strong>R.</strong></span> <span class='ocrx_word' id='word_1_179' title='bbox 865 1758 902 1789; x_wconf 89' lang='lat' dir='ltr'><strong>In</strong></span> <span class='ocrx_word' id='word_1_180' title='bbox 929 1756 1200 1798; x_wconf 87' lang='lat' dir='ltr'><strong>Constantinopoli</strong></span> 
     </span>
     <span class='ocr_line' id='line_1_70' title="bbox 866 1804 1255 1845; baseline -0.003 -8"><span class='ocrx_word' id='word_1_181' title='bbox 866 1804 998 1845; x_wconf 86' lang='lat' dir='ltr'><strong>Sumpta</strong></span> <span class='ocrx_word' id='word_1_182' title='bbox 1022 1814 1116 1838; x_wconf 82' lang='lat' dir='ltr'><strong>manu</strong></span> <span class='ocrx_word' id='word_1_183' title='bbox 1141 1806 1255 1838; x_wconf 85' lang='lat' dir='ltr'><strong>Karoli</strong></span> 
     </span>
     <span class='ocr_line' id='line_1_71' title="bbox 912 1852 1304 1885; baseline -0.003 -1"><span class='ocrx_word' id='word_1_184' title='bbox 912 1853 992 1884; x_wconf 86' lang='lat' dir='ltr'><strong>Pars</strong></span> <span class='ocrx_word' id='word_1_185' title='bbox 1018 1861 1153 1884; x_wconf 81' lang='lat' dir='ltr'><strong>coronae</strong></span> <span class='ocrx_word' id='word_1_186' title='bbox 1177 1852 1304 1885; x_wconf 85' lang='lat' dir='ltr'><strong>Domini</strong></span> 
     </span>
     <span class='ocr_line' id='line_1_72' title="bbox 866 1899 1156 1940; baseline 0 -9"><span class='ocrx_word' id='word_1_187' title='bbox 866 1899 969 1931; x_wconf 88' lang='lat' dir='ltr'><strong>Datur</strong></span> <span class='ocrx_word' id='word_1_188' title='bbox 992 1899 1156 1940; x_wconf 84' lang='lat' dir='ltr'><strong>Dionysio,</strong></span> 
     </span>
     <span class='ocr_line' id='line_1_73' title="bbox 863 1946 1197 1979; baseline 0 -2"><span class='ocrx_word' id='word_1_189' title='bbox 863 1946 994 1979; x_wconf 79' lang='lat' dir='ltr'><strong>Florum</strong></span> <span class='ocrx_word' id='word_1_190' title='bbox 1019 1946 1197 1979; x_wconf 85' lang='lat' dir='ltr'><strong>testimonio</strong></span> 
     </span>
     <span class='ocr_line' id='line_1_74' title="bbox 913 1993 1251 2034; baseline 0 -9"><span class='ocrx_word' id='word_1_191' title='bbox 913 1993 1007 2034; x_wconf 84' lang='lat' dir='ltr'><strong>Vulgi</strong></span> <span class='ocrx_word' id='word_1_192' title='bbox 1030 1996 1106 2026; x_wconf 81' lang='lat' dir='ltr'><strong>nota</strong></span> <span class='ocrx_word' id='word_1_193' title='bbox 1130 1994 1251 2034; x_wconf 86' lang='lat' dir='ltr'><strong>lumini,</strong></span> 
     </span>
     <span class='ocr_line' id='line_1_75' title="bbox 864 2039 1174 2081; baseline 0 -8"><span class='ocrx_word' id='word_1_194' title='bbox 864 2041 961 2075; x_wconf 82' lang='lat' dir='ltr'><strong>Parte</strong></span> <span class='ocrx_word' id='word_1_195' title='bbox 984 2039 1087 2081; x_wconf 82' lang='lat' dir='ltr'><strong>fulget</strong></span> <span class='ocrx_word' id='word_1_196' title='bbox 1109 2042 1174 2073; x_wconf 87' lang='lat' dir='ltr'><strong>alia</strong></span> 
     </span>
     <span class='ocr_line' id='line_1_76' title="bbox 862 2087 1204 2128; baseline -0.003 -8"><span class='ocrx_word' id='word_1_197' title='bbox 862 2087 958 2127; x_wconf 76' lang='lat' dir='ltr'><strong>Regis</strong></span> <span class='ocrx_word' id='word_1_198' title='bbox 983 2088 1083 2120; x_wconf 90' lang='lat' dir='ltr'><strong>nostri</strong></span> <span class='ocrx_word' id='word_1_199' title='bbox 1108 2089 1204 2128; x_wconf 87' lang='lat' dir='ltr'><strong>regia,</strong></span> 
     </span>
     <span class='ocr_line' id='line_1_77' title="bbox 909 2135 1278 2176; baseline 0.003 -9"><span class='ocrx_word' id='word_1_200' title='bbox 909 2135 978 2167; x_wconf 82' lang='lat' dir='ltr'><strong>Fax</strong></span> <span class='ocrx_word' id='word_1_201' title='bbox 1001 2135 1128 2167; x_wconf 87' lang='lat' dir='ltr'><strong>honoris</strong></span> <span class='ocrx_word' id='word_1_202' title='bbox 1151 2135 1278 2176; x_wconf 87' lang='lat' dir='ltr'><strong>gemini.</strong></span> 
     </span>
    </p>
   </div>
   <div class='ocr_carea' id='block_1_17' title="bbox 108 2197 1412 2425">
    <p class='ocr_par' dir='ltr' id='par_1_21' title="bbox 108 2197 1412 2425">
     <span class='ocr_line' id='line_1_78' title="bbox 186 2197 1409 2236; baseline -0.002 -9"><span class='ocrx_word' id='word_1_203' title='bbox 186 2200 304 2236; x_wconf 84' lang='lat' dir='ltr'><strong>Antiph.</strong></span> <span class='ocrx_word' id='word_1_204' title='bbox 325 2209 378 2228; x_wconf 91' lang='lat' dir='ltr'><strong>ms.</strong></span> <span class='ocrx_word' id='word_1_205' title='bbox 400 2199 607 2228; x_wconf 78' lang='lat' dir='ltr'><strong>Cameracense</strong></span> <span class='ocrx_word' id='word_1_206' title='bbox 627 2207 702 2226; x_wconf 80' lang='lat' dir='ltr'><strong>saec.</strong></span> <span class='ocrx_word' id='word_1_207' title='bbox 719 2197 762 2227; x_wconf 88' lang='grc'><strong>14.</strong></span> <span class='ocrx_word' id='word_1_208' title='bbox 797 2199 866 2227; x_wconf 84' lang='lat' dir='ltr'><strong>Cod.</strong></span> <span class='ocrx_word' id='word_1_209' title='bbox 886 2199 1069 2227; x_wconf 81' lang='lat' dir='ltr'><strong>Cameracen.</strong></span> <span class='ocrx_word' id='word_1_210' title='bbox 1089 2197 1136 2227; x_wconf 87' lang='lat'><strong>40.</strong></span> <span class='ocrx_word' id='word_1_211' title='bbox 1156 2213 1194 2218; x_wconf 94' lang='lat'><strong>—-</strong></span> <span class='ocrx_word' id='word_1_212' title='bbox 1206 2200 1247 2227; x_wconf 90' lang='lat' dir='ltr'><strong>In</strong></span> <span class='ocrx_word' id='word_1_213' title='bbox 1268 2198 1294 2227; x_wconf 88' lang='lat'><strong>1.</strong></span> <span class='ocrx_word' id='word_1_214' title='bbox 1308 2201 1409 2236; x_wconf 72' lang='lat' dir='ltr'><strong>Vosp.</strong></span> 
     </span>
     <span class='ocr_line' id='line_1_79' title="bbox 112 2234 1412 2272; baseline 0 -8"><span class='ocrx_word' id='word_1_215' title='bbox 112 2235 135 2263; x_wconf 85' lang='grc' dir='ltr'>Α</span> <span class='ocrx_word' id='word_1_216' title='bbox 157 2236 183 2272; x_wconf 86' lang='lat'><strong>1,</strong></span> <span class='ocrx_word' id='word_1_217' title='bbox 202 2235 220 2265; x_wconf 88' lang='lat'><strong>3</strong></span> <span class='ocrx_word' id='word_1_218' title='bbox 242 2239 373 2266; x_wconf 78' lang='lat' dir='ltr'><strong>exennio.</strong></span> <span class='ocrx_word' id='word_1_219' title='bbox 394 2252 431 2257; x_wconf 52' lang='grc' dir='ltr'><strong>α-</strong></span> <span class='ocrx_word' id='word_1_220' title='bbox 453 2236 487 2272; x_wconf 80' lang='lat' dir='ltr'><strong>R,</strong></span> <span class='ocrx_word' id='word_1_221' title='bbox 509 2236 526 2265; x_wconf 86' lang='lat'>9</span> <span class='ocrx_word' id='word_1_222' title='bbox 545 2238 581 2265; x_wconf 88' lang='lat' dir='ltr'><strong>In</strong></span> <span class='ocrx_word' id='word_1_223' title='bbox 600 2239 711 2265; x_wconf 88' lang='lat' dir='ltr'><strong>honore</strong></span> <span class='ocrx_word' id='word_1_224' title='bbox 730 2239 879 2264; x_wconf 80' lang='lat' dir='ltr'><strong>coronant--</strong></span> <span class='ocrx_word' id='word_1_225' title='bbox 899 2252 938 2257; x_wconf 91' lang='lat'><strong>—-</strong></span> <span class='ocrx_word' id='word_1_226' title='bbox 955 2236 997 2263; x_wconf 86' lang='lat' dir='ltr'><strong>In</strong></span> <span class='ocrx_word' id='word_1_227' title='bbox 1018 2236 1042 2264; x_wconf 86' lang='lat'><strong>1.</strong></span> <span class='ocrx_word' id='word_1_228' title='bbox 1062 2237 1112 2265; x_wconf 84' lang='lat' dir='ltr'><strong>No</strong></span> <span class='ocrx_word' id='word_1_229' title='bbox 1122 2239 1162 2264; x_wconf 85' lang='lat' dir='ltr'><strong>et.</strong></span> <span class='ocrx_word' id='word_1_230' title='bbox 1185 2234 1206 2262; x_wconf 80' lang='lat' dir='ltr'>R</span> <span class='ocrx_word' id='word_1_231' title='bbox 1230 2235 1260 2272; x_wconf 86' lang='grc'><strong>1,</strong></span> <span class='ocrx_word' id='word_1_232' title='bbox 1284 2235 1318 2264; x_wconf 79' lang='lat'><strong>10</strong></span> <span class='ocrx_word' id='word_1_233' title='bbox 1338 2238 1412 2266; x_wconf 61' lang='lat' dir='ltr'><strong>fehlt</strong></span> 
     </span>
     <span class='ocr_line' id='line_1_80' title="bbox 111 2273 1409 2312; baseline -0.001 -10"><span class='ocrx_word' id='word_1_234' title='bbox 111 2276 178 2303; x_wconf 86' lang='lat' dir='ltr'><strong>eine</strong></span> <span class='ocrx_word' id='word_1_235' title='bbox 208 2276 305 2310; x_wconf 79' lang='lat' dir='ltr'><strong>Silbe3</strong></span> <span class='ocrx_word' id='word_1_236' title='bbox 331 2276 394 2311; x_wconf 86' lang='lat' dir='ltr'><strong>jam</strong></span> <span class='ocrx_word' id='word_1_237' title='bbox 425 2277 551 2312; x_wconf 72' lang='lat' dir='ltr'><strong>erg&#39;anzt.</strong></span> <span class='ocrx_word' id='word_1_238' title='bbox 582 2291 620 2295; x_wconf 87' lang='lat'><strong>——</strong></span> <span class='ocrx_word' id='word_1_239' title='bbox 650 2273 670 2300; x_wconf 71' lang='lat' dir='ltr'>R</span> <span class='ocrx_word' id='word_1_240' title='bbox 694 2273 727 2309; x_wconf 82' lang='lat'><strong>2,</strong></span> <span class='ocrx_word' id='word_1_241' title='bbox 757 2273 774 2301; x_wconf 84' lang='lat'>5</span> <span class='ocrx_word' id='word_1_242' title='bbox 805 2275 950 2303; x_wconf 76' lang='lat' dir='ltr'><strong>Coronam</strong></span> <span class='ocrx_word' id='word_1_243' title='bbox 980 2276 1082 2310; x_wconf 80' lang='lat' dir='ltr'><strong>spinis.</strong></span> <span class='ocrx_word' id='word_1_244' title='bbox 1114 2291 1150 2294; x_wconf 97' lang='lat'><strong>—</strong></span> <span class='ocrx_word' id='word_1_245' title='bbox 1180 2274 1230 2301; x_wconf 73' lang='lat' dir='ltr'><strong>Ad</strong></span> <span class='ocrx_word' id='word_1_246' title='bbox 1254 2275 1409 2303; x_wconf 75' lang='lat' dir='ltr'><strong>sextam.</strong></span> 
     </span>
     <span class='ocr_line' id='line_1_81' title="bbox 111 2311 1409 2349; baseline 0 -8"><span class='ocrx_word' id='word_1_247' title='bbox 111 2311 133 2338; x_wconf 84' lang='grc' dir='ltr'>Α</span> <span class='ocrx_word' id='word_1_248' title='bbox 154 2312 187 2345; x_wconf 83' lang='grc'><strong>4,</strong></span> <span class='ocrx_word' id='word_1_249' title='bbox 210 2314 356 2342; x_wconf 80' lang='lat' dir='ltr'><strong>Visitavit.</strong></span> <span class='ocrx_word' id='word_1_250' title='bbox 378 2328 414 2333; x_wconf 81' lang='lat'><strong>—-</strong></span> <span class='ocrx_word' id='word_1_251' title='bbox 433 2314 516 2341; x_wconf 80' lang='lat' dir='ltr'><strong>Nach</strong></span> <span class='ocrx_word' id='word_1_252' title='bbox 543 2313 594 2340; x_wconf 80' lang='lat' dir='ltr'><strong>der</strong></span> <span class='ocrx_word' id='word_1_253' title='bbox 615 2312 762 2349; x_wconf 85' lang='lat' dir='ltr'><strong>Antiphon</strong></span> <span class='ocrx_word' id='word_1_254' title='bbox 792 2314 828 2340; x_wconf 82' lang='lat' dir='ltr'><strong>ad</strong></span> <span class='ocrx_word' id='word_1_255' title='bbox 848 2313 963 2340; x_wconf 84' lang='lat' dir='ltr'><strong>Nonam</strong></span> <span class='ocrx_word' id='word_1_256' title='bbox 982 2313 1042 2340; x_wconf 83' lang='lat' dir='ltr'><strong>und</strong></span> <span class='ocrx_word' id='word_1_257' title='bbox 1061 2321 1114 2340; x_wconf 84' lang='lat' dir='ltr'><strong>vor</strong></span> <span class='ocrx_word' id='word_1_258' title='bbox 1133 2313 1184 2340; x_wconf 84' lang='lat' dir='ltr'><strong>der</strong></span> <span class='ocrx_word' id='word_1_259' title='bbox 1203 2313 1352 2349; x_wconf 85' lang='lat' dir='ltr'><strong>Antiphon</strong></span> <span class='ocrx_word' id='word_1_260' title='bbox 1373 2313 1409 2341; x_wconf 88' lang='lat' dir='ltr'><strong>ad</strong></span> 
     </span>
     <span class='ocr_line' id='line_1_82' title="bbox 108 2350 1408 2389; baseline 0.002 -12"><span class='ocrx_word' id='word_1_261' title='bbox 108 2350 279 2388; x_wconf 75' lang='lat' dir='ltr'><strong>Magnifieat</strong></span> <span class='ocrx_word' id='word_1_262' title='bbox 307 2352 407 2380; x_wconf 85' lang='lat' dir='ltr'><strong>stehen</strong></span> <span class='ocrx_word' id='word_1_263' title='bbox 437 2351 572 2389; x_wconf 83' lang='lat' dir='ltr'><strong>folgende</strong></span> <span class='ocrx_word' id='word_1_264' title='bbox 604 2352 665 2378; x_wconf 84' lang='lat' dir='ltr'><strong>drei</strong></span> <span class='ocrx_word' id='word_1_265' title='bbox 684 2351 842 2385; x_wconf 74' lang='lat' dir='ltr'><strong>Strophen,</strong></span> <span class='ocrx_word' id='word_1_266' title='bbox 881 2351 928 2378; x_wconf 85' lang='lat' dir='ltr'><strong>die</strong></span> <span class='ocrx_word' id='word_1_267' title='bbox 959 2351 1006 2377; x_wconf 87' lang='lat' dir='ltr'><strong>ein</strong></span> <span class='ocrx_word' id='word_1_268' title='bbox 1037 2352 1151 2386; x_wconf 80' lang='lat' dir='ltr'><strong>Tropus</strong></span> <span class='ocrx_word' id='word_1_269' title='bbox 1184 2359 1250 2378; x_wconf 86' lang='lat' dir='ltr'><strong>zum</strong></span> <span class='ocrx_word' id='word_1_270' title='bbox 1284 2350 1408 2379; x_wconf 83' lang='lat' dir='ltr'><strong>Sanctus</strong></span> 
     </span>
     <span class='ocr_line' id='line_1_83' title="bbox 110 2389 1135 2425; baseline -0.001 -9"><span class='ocrx_word' id='word_1_271' title='bbox 110 2389 256 2423; x_wconf 69' lang='lat' dir='ltr'><strong>schemen,</strong></span> <span class='ocrx_word' id='word_1_272' title='bbox 278 2390 315 2417; x_wconf 80' lang='lat' dir='ltr'><strong>da</strong></span> <span class='ocrx_word' id='word_1_273' title='bbox 333 2390 410 2417; x_wconf 86' lang='lat' dir='ltr'><strong>nach</strong></span> <span class='ocrx_word' id='word_1_274' title='bbox 425 2390 508 2425; x_wconf 80' lang='lat' dir='ltr'><strong>jeder</strong></span> <span class='ocrx_word' id='word_1_275' title='bbox 528 2390 592 2417; x_wconf 84' lang='lat' dir='ltr'><strong>sich</strong></span> <span class='ocrx_word' id='word_1_276' title='bbox 614 2389 666 2417; x_wconf 80' lang='lat' dir='ltr'><strong>das</strong></span> <span class='ocrx_word' id='word_1_277' title='bbox 685 2390 773 2417; x_wconf 84' lang='lat' dir='ltr'><strong>Wort</strong></span> <span class='ocrx_word' id='word_1_278' title='bbox 790 2390 935 2417; x_wconf 83' lang='lat' dir='ltr'><strong>Hosanua</strong></span> <span class='ocrx_word' id='word_1_279' title='bbox 954 2389 1135 2417; x_wconf 77' lang='lat' dir='ltr'><strong>wiederholt:</strong></span> 
     </span>
    </p>
   </div>
   <div class='ocr_carea' id='block_1_18' title="bbox 163 2439 653 2469">
    <p class='ocr_par' dir='ltr' id='par_1_22' title="bbox 163 2439 653 2469">
     <span class='ocr_line' id='line_1_84' title="bbox 163 2439 653 2469; baseline -0.004 -5"><span class='ocrx_word' id='word_1_280' title='bbox 163 2441 286 2467; x_wconf 76' lang='lat' dir='ltr'><strong>Dreves,</strong></span> <span class='ocrx_word' id='word_1_281' title='bbox 301 2439 422 2465; x_wconf 66' lang='lat' dir='ltr'><strong>Hismriae</strong></span> <span class='ocrx_word' id='word_1_282' title='bbox 435 2440 590 2469; x_wconf 68' lang='lat' dir='ltr'><strong>rhythmicae.</strong></span> <span class='ocrx_word' id='word_1_283' title='bbox 614 2439 653 2469; x_wconf 78' lang='lat' dir='ltr'><strong>lv,</strong></span> 
     </span>
    </p>
   </div>
   <div class='ocr_carea' id='block_1_19' title="bbox 1220 2434 1238 2464">
    <p class='ocr_par' dir='ltr' id='par_1_23' title="bbox 1220 2434 1238 2464">
     <span class='ocr_line' id='line_1_85' title="bbox 1220 2434 1238 2464; baseline 0 0"><span class='ocrx_word' id='word_1_284' title='bbox 1220 2434 1238 2464; x_wconf 84' lang='lat'><strong>3</strong></span> 
     </span>
    </p>
   </div>
  </div>
 </body>
</html>
