<?xml version="1.0" encoding="UTF-8"?>
<!DOCTYPE html PUBLIC "-//W3C//DTD XHTML 1.0 Transitional//EN"
    "http://www.w3.org/TR/xhtml1/DTD/xhtml1-transitional.dtd">
<html xmlns="http://www.w3.org/1999/xhtml" xml:lang="en" lang="en">
 <head>
  <title>
</title>
<meta http-equiv="Content-Type" content="text/html;charset=utf-8" />
  <meta name='ocr-system' content='tesseract 3.04.00' />
  <meta name='ocr-capabilities' content='ocr_page ocr_carea ocr_par ocr_line ocrx_word'/>
</head>
<body>
  <div class='ocr_page' id='page_1' title='image "./analectahymnica24drevuoft_00227.png"; bbox 0 0 1652 2615; ppageno 0'>
   <div class='ocr_carea' id='block_1_1' title="bbox 727 144 984 180">
    <p class='ocr_par' dir='ltr' id='par_1_1' title="bbox 727 144 984 180">
     <span class='ocr_line' id='line_1_1' title="bbox 727 144 984 180; baseline 0.008 -2"><span class='ocrx_word' id='word_1_1' title='bbox 727 144 984 180; x_wconf 78' lang='lat'>—224—</span> 
     </span>
    </p>
   </div>
   <div class='ocr_carea' id='block_1_2' title="bbox 216 239 754 503">
    <p class='ocr_par' dir='ltr' id='par_1_2' title="bbox 283 239 754 371">
     <span class='ocr_line' id='line_1_2' title="bbox 283 239 754 278; baseline -0.004 -7"><span class='ocrx_word' id='word_1_2' title='bbox 283 240 389 271; x_wconf 85' lang='lat' dir='ltr'>Ritum</span> <span class='ocrx_word' id='word_1_3' title='bbox 415 239 591 277; x_wconf 74' lang='lat' dir='ltr'>exstirpans</span> <span class='ocrx_word' id='word_1_4' title='bbox 616 239 754 278; x_wconf 85' lang='lat' dir='ltr'>gentium</span> 
     </span>
     <span class='ocr_line' id='line_1_3' title="bbox 330 284 689 319; baseline -0.011 0"><span class='ocrx_word' id='word_1_5' title='bbox 330 287 398 319; x_wconf 80' lang='lat' dir='ltr'>&#39;Dat</span> <span class='ocrx_word' id='word_1_6' title='bbox 421 284 515 317; x_wconf 88' lang='lat' dir='ltr'>fidem</span> <span class='ocrx_word' id='word_1_7' title='bbox 538 285 689 317; x_wconf 71' lang='lat' dir='ltr'>trinitatis</span> 
     </span>
     <span class='ocr_line' id='line_1_4' title="bbox 329 332 664 371; baseline -0.006 -7"><span class='ocrx_word' id='word_1_8' title='bbox 329 332 480 364; x_wconf 81' lang='lat' dir='ltr'>Doctrina</span> <span class='ocrx_word' id='word_1_9' title='bbox 503 332 664 371; x_wconf 89' lang='lat' dir='ltr'>veritatis;</span> 
     </span>
    </p>

    <p class='ocr_par' dir='ltr' id='par_1_3' title="bbox 216 378 720 411">
     <span class='ocr_line' id='line_1_5' title="bbox 216 378 720 411; baseline -0.004 -2"><span class='ocrx_word' id='word_1_10' title='bbox 216 379 251 411; x_wconf 92' lang='lat' dir='ltr'>V.</span> <span class='ocrx_word' id='word_1_11' title='bbox 282 379 335 410; x_wconf 88' lang='lat' dir='ltr'>Ad</span> <span class='ocrx_word' id='word_1_12' title='bbox 360 387 449 410; x_wconf 87' lang='lat' dir='ltr'>unum</span> <span class='ocrx_word' id='word_1_13' title='bbox 476 378 522 408; x_wconf 88' lang='lat' dir='ltr'>sic</span> <span class='ocrx_word' id='word_1_14' title='bbox 545 378 720 410; x_wconf 83' lang='lat' dir='ltr'>Bizantium</span> 
     </span>
    </p>

    <p class='ocr_par' dir='ltr' id='par_1_4' title="bbox 281 424 638 503">
     <span class='ocr_line' id='line_1_6' title="bbox 281 424 608 457; baseline -0.012 0"><span class='ocrx_word' id='word_1_15' title='bbox 281 426 370 457; x_wconf 83' lang='lat' dir='ltr'>Ovile</span> <span class='ocrx_word' id='word_1_16' title='bbox 395 425 480 457; x_wconf 87' lang='lat' dir='ltr'>ducit</span> <span class='ocrx_word' id='word_1_17' title='bbox 504 424 608 455; x_wconf 92' lang='lat' dir='ltr'>ovium</span> 
     </span>
     <span class='ocr_line' id='line_1_7' title="bbox 326 469 638 503; baseline -0.01 0"><span class='ocrx_word' id='word_1_18' title='bbox 326 472 438 503; x_wconf 82' lang='lat' dir='ltr'>Pastor</span> <span class='ocrx_word' id='word_1_19' title='bbox 465 469 638 501; x_wconf 85' lang='lat' dir='ltr'>fidelitatis.</span> 
     </span>
    </p>
   </div>
   <div class='ocr_carea' id='block_1_3' title="bbox 222 524 810 564">
    <p class='ocr_par' dir='ltr' id='par_1_5' title="bbox 222 524 810 564">
     <span class='ocr_line' id='line_1_8' title="bbox 222 524 810 564; baseline -0.007 -5"><span class='ocrx_word' id='word_1_20' title='bbox 222 529 251 560; x_wconf 82' lang='lat'>3.</span> <span class='ocrx_word' id='word_1_21' title='bbox 278 528 408 558; x_wconf 84' lang='lat' dir='ltr'>Praesul</span> <span class='ocrx_word' id='word_1_22' title='bbox 434 525 547 556; x_wconf 88' lang='lat' dir='ltr'>dehinc</span> <span class='ocrx_word' id='word_1_23' title='bbox 569 527 643 564; x_wconf 86' lang='lat' dir='ltr'>post</span> <span class='ocrx_word' id='word_1_24' title='bbox 667 524 810 555; x_wconf 79' lang='lat' dir='ltr'>discessit</span> 
     </span>
    </p>
   </div>
   <div class='ocr_carea' id='block_1_4' title="bbox 279 571 739 703">
    <p class='ocr_par' dir='ltr' id='par_1_6' title="bbox 279 571 739 703">
     <span class='ocr_line' id='line_1_9' title="bbox 325 571 693 610; baseline -0.008 -5"><span class='ocrx_word' id='word_1_25' title='bbox 325 573 463 604; x_wconf 78' lang='lat' dir='ltr'>Rediens</span> <span class='ocrx_word' id='word_1_26' title='bbox 488 571 530 602; x_wconf 85' lang='lat' dir='ltr'>ad</span> <span class='ocrx_word' id='word_1_27' title='bbox 554 572 693 610; x_wconf 86' lang='lat' dir='ltr'>propria,</span> 
     </span>
     <span class='ocr_line' id='line_1_10' title="bbox 279 616 739 657; baseline -0.004 -7"><span class='ocrx_word' id='word_1_28' title='bbox 279 619 379 650; x_wconf 86' lang='lat' dir='ltr'>Maris</span> <span class='ocrx_word' id='word_1_29' title='bbox 403 616 516 650; x_wconf 89' lang='lat' dir='ltr'>fluctus</span> <span class='ocrx_word' id='word_1_30' title='bbox 540 617 739 657; x_wconf 78' lang='lat' dir='ltr'>mansuescit,</span> 
     </span>
     <span class='ocr_line' id='line_1_11' title="bbox 325 665 686 703; baseline -0.006 -6"><span class='ocrx_word' id='word_1_31' title='bbox 325 665 425 697; x_wconf 83' lang='lat' dir='ltr'>Grata</span> <span class='ocrx_word' id='word_1_32' title='bbox 450 673 566 703; x_wconf 86' lang='lat' dir='ltr'>parans</span> <span class='ocrx_word' id='word_1_33' title='bbox 591 665 686 703; x_wconf 85' lang='lat' dir='ltr'>invia,</span> 
     </span>
    </p>
   </div>
   <div class='ocr_carea' id='block_1_5' title="bbox 278 711 823 753">
    <p class='ocr_par' dir='ltr' id='par_1_7' title="bbox 278 711 823 753">
     <span class='ocr_line' id='line_1_12' title="bbox 278 711 823 753; baseline -0.002 -11"><span class='ocrx_word' id='word_1_34' title='bbox 278 712 337 751; x_wconf 73' lang='lat' dir='ltr'>Qui</span> <span class='ocrx_word' id='word_1_35' title='bbox 362 711 426 743; x_wconf 86' lang='lat' dir='ltr'>fert</span> <span class='ocrx_word' id='word_1_36' title='bbox 449 719 549 753; x_wconf 85' lang='lat' dir='ltr'>sacra,</span> <span class='ocrx_word' id='word_1_37' title='bbox 577 720 656 750; x_wconf 88' lang='lat' dir='ltr'>quae</span> <span class='ocrx_word' id='word_1_38' title='bbox 680 711 823 749; x_wconf 78' lang='lat' dir='ltr'>porrexit</span> 
     </span>
    </p>
   </div>
   <div class='ocr_carea' id='block_1_6' title="bbox 209 758 729 937">
    <p class='ocr_par' dir='ltr' id='par_1_8' title="bbox 324 758 673 798">
     <span class='ocr_line' id='line_1_13' title="bbox 324 758 673 798; baseline -0.003 -9"><span class='ocrx_word' id='word_1_39' title='bbox 324 759 496 798; x_wconf 85' lang='lat' dir='ltr'>Augustus,</span> <span class='ocrx_word' id='word_1_40' title='bbox 523 758 673 797; x_wconf 73' lang='lat' dir='ltr'>exennia,</span> 
     </span>
    </p>

    <p class='ocr_par' dir='ltr' id='par_1_9' title="bbox 209 804 729 937">
     <span class='ocr_line' id='line_1_14' title="bbox 209 804 656 838; baseline -0.004 -1"><span class='ocrx_word' id='word_1_41' title='bbox 209 806 246 838; x_wconf 81' lang='lat' dir='ltr'>V.</span> <span class='ocrx_word' id='word_1_42' title='bbox 274 804 464 836; x_wconf 84' lang='lat' dir='ltr'>Mutinensis</span> <span class='ocrx_word' id='word_1_43' title='bbox 494 804 656 835; x_wconf 80' lang='lat' dir='ltr'>hilarescit</span> 
     </span>
     <span class='ocr_line' id='line_1_15' title="bbox 277 849 729 891; baseline -0.002 -9"><span class='ocrx_word' id='word_1_44' title='bbox 277 851 455 891; x_wconf 78' lang='lat' dir='ltr'>Jubilisque</span> <span class='ocrx_word' id='word_1_45' title='bbox 478 851 568 889; x_wconf 84' lang='lat' dir='ltr'>plebs</span> <span class='ocrx_word' id='word_1_46' title='bbox 592 849 729 882; x_wconf 86' lang='lat' dir='ltr'>florescit</span> 
     </span>
     <span class='ocr_line' id='line_1_16' title="bbox 326 897 711 937; baseline -0.003 -8"><span class='ocrx_word' id='word_1_47' title='bbox 326 898 374 929; x_wconf 87' lang='lat' dir='ltr'>Dc</span> <span class='ocrx_word' id='word_1_48' title='bbox 397 897 499 937; x_wconf 86' lang='lat' dir='ltr'>patris</span> <span class='ocrx_word' id='word_1_49' title='bbox 523 897 711 936; x_wconf 86' lang='lat' dir='ltr'>praesentia.</span> 
     </span>
    </p>
   </div>
   <div class='ocr_carea' id='block_1_7' title="bbox 341 1027 696 1060">
    <p class='ocr_par' dir='ltr' id='par_1_10' title="bbox 341 1027 696 1060">
     <span class='ocr_line' id='line_1_17' title="bbox 341 1027 696 1060; baseline 0 -1"><span class='ocrx_word' id='word_1_50' title='bbox 341 1029 386 1059; x_wconf 87' lang='lat' dir='ltr'>In</span> <span class='ocrx_word' id='word_1_51' title='bbox 413 1028 443 1060; x_wconf 88' lang='lat'>3.</span> <span class='ocrx_word' id='word_1_52' title='bbox 469 1027 696 1060; x_wconf 83' lang='lat' dir='ltr'>NocturnO.</span> 
     </span>
    </p>
   </div>
   <div class='ocr_carea' id='block_1_8' title="bbox 412 1100 605 1136">
    <p class='ocr_par' dir='ltr' id='par_1_11' title="bbox 412 1100 605 1136">
     <span class='ocr_line' id='line_1_18' title="bbox 412 1100 605 1136; baseline -0.005 -9"><span class='ocrx_word' id='word_1_53' title='bbox 412 1100 605 1136; x_wconf 81' lang='lat' dir='ltr'>Antiphonae.</span> 
     </span>
    </p>
   </div>
   <div class='ocr_carea' id='block_1_9' title="bbox 229 1157 821 1198">
    <p class='ocr_par' dir='ltr' id='par_1_12' title="bbox 229 1157 821 1198">
     <span class='ocr_line' id='line_1_19' title="bbox 229 1157 821 1198; baseline 0 -10"><span class='ocrx_word' id='word_1_54' title='bbox 229 1158 254 1191; x_wconf 95' lang='lat' dir='ltr'>l.</span> <span class='ocrx_word' id='word_1_55' title='bbox 286 1158 427 1190; x_wconf 84' lang='lat' dir='ltr'>Tandem</span> <span class='ocrx_word' id='word_1_56' title='bbox 455 1159 569 1189; x_wconf 82' lang='lat' dir='ltr'>transit</span> <span class='ocrx_word' id='word_1_57' title='bbox 593 1167 668 1198; x_wconf 87' lang='lat' dir='ltr'>gens</span> <span class='ocrx_word' id='word_1_58' title='bbox 692 1157 821 1189; x_wconf 88' lang='lat' dir='ltr'>Hunno-</span> 
     </span>
    </p>
   </div>
   <div class='ocr_carea' id='block_1_10' title="bbox 281 1214 772 1383">
    <p class='ocr_par' dir='ltr' id='par_1_13' title="bbox 281 1214 772 1383">
     <span class='ocr_line' id='line_1_20' title="bbox 323 1214 711 1290; baseline 0 -9"><span class='ocrx_word' id='word_1_59' title='bbox 323 1251 448 1282; x_wconf 85' lang='lat' dir='ltr'>Montes</span> <span class='ocrx_word' id='word_1_60' title='bbox 472 1214 711 1290; x_wconf 52' lang='lat' dir='ltr'>Appamfgiixilae,</span> 
     </span>
     <span class='ocr_line' id='line_1_21' title="bbox 281 1297 681 1335; baseline 0 -6"><span class='ocrx_word' id='word_1_61' title='bbox 281 1297 375 1335; x_wconf 79' lang='lat' dir='ltr'>Cujus</span> <span class='ocrx_word' id='word_1_62' title='bbox 400 1299 505 1329; x_wconf 90' lang='lat' dir='ltr'>votum</span> <span class='ocrx_word' id='word_1_63' title='bbox 529 1298 681 1329; x_wconf 81' lang='lat' dir='ltr'>labiorum</span> 
     </span>
     <span class='ocr_line' id='line_1_22' title="bbox 325 1341 772 1383; baseline 0.002 -9"><span class='ocrx_word' id='word_1_64' title='bbox 325 1343 396 1374; x_wconf 85' lang='lat' dir='ltr'>Non</span> <span class='ocrx_word' id='word_1_65' title='bbox 419 1341 547 1375; x_wconf 82' lang='lat' dir='ltr'>fraudat</span> <span class='ocrx_word' id='word_1_66' title='bbox 566 1352 622 1374; x_wconf 81' lang='lat' dir='ltr'>rex</span> <span class='ocrx_word' id='word_1_67' title='bbox 644 1344 772 1383; x_wconf 84' lang='lat' dir='ltr'>gloriae.</span> 
     </span>
    </p>
   </div>
   <div class='ocr_carea' id='block_1_11' title="bbox 225 1398 792 1577">
    <p class='ocr_par' dir='ltr' id='par_1_14' title="bbox 225 1398 792 1577">
     <span class='ocr_line' id='line_1_23' title="bbox 225 1398 792 1438; baseline 0.002 -10"><span class='ocrx_word' id='word_1_68' title='bbox 225 1399 255 1430; x_wconf 83' lang='lat'>2.</span> <span class='ocrx_word' id='word_1_69' title='bbox 283 1398 352 1430; x_wconf 92' lang='lat' dir='ltr'>Hac</span> <span class='ocrx_word' id='word_1_70' title='bbox 377 1401 542 1438; x_wconf 79' lang='lat' dir='ltr'>quassatur</span> <span class='ocrx_word' id='word_1_71' title='bbox 567 1398 792 1430; x_wconf 82' lang='lat' dir='ltr'>Germanorum</span> 
     </span>
     <span class='ocr_line' id='line_1_24' title="bbox 323 1444 674 1488; baseline 0.003 -12"><span class='ocrx_word' id='word_1_72' title='bbox 323 1445 368 1476; x_wconf 86' lang='lat' dir='ltr'>Et</span> <span class='ocrx_word' id='word_1_73' title='bbox 392 1444 554 1477; x_wconf 82' lang='lat' dir='ltr'>Gallorum</span> <span class='ocrx_word' id='word_1_74' title='bbox 579 1446 674 1488; x_wconf 83' lang='lat' dir='ltr'>regio,</span> 
     </span>
     <span class='ocr_line' id='line_1_25' title="bbox 280 1491 623 1523; baseline 0.003 -1"><span class='ocrx_word' id='word_1_75' title='bbox 280 1491 449 1523; x_wconf 86' lang='lat' dir='ltr'>Desolatur</span> <span class='ocrx_word' id='word_1_76' title='bbox 473 1491 623 1523; x_wconf 78' lang='lat' dir='ltr'>italorum</span> 
     </span>
     <span class='ocr_line' id='line_1_26' title="bbox 325 1537 755 1577; baseline 0.002 -8"><span class='ocrx_word' id='word_1_77' title='bbox 325 1537 409 1569; x_wconf 83' lang='lat' dir='ltr'>Gens</span> <span class='ocrx_word' id='word_1_78' title='bbox 435 1540 546 1576; x_wconf 87' lang='lat' dir='ltr'>potens</span> <span class='ocrx_word' id='word_1_79' title='bbox 570 1539 604 1569; x_wconf 91' lang='lat' dir='ltr'>in</span> <span class='ocrx_word' id='word_1_80' title='bbox 626 1538 755 1577; x_wconf 82' lang='lat' dir='ltr'>proelio.</span> 
     </span>
    </p>
   </div>
   <div class='ocr_carea' id='block_1_12' title="bbox 217 1593 791 1766">
    <p class='ocr_par' dir='ltr' id='par_1_15' title="bbox 217 1593 742 1680">
     <span class='ocr_line' id='line_1_27' title="bbox 217 1593 734 1626; baseline -0.002 -2"><span class='ocrx_word' id='word_1_81' title='bbox 217 1593 248 1624; x_wconf 83' lang='lat'>3.</span> <span class='ocrx_word' id='word_1_82' title='bbox 274 1593 428 1625; x_wconf 85' lang='lat' dir='ltr'>Mutinam</span> <span class='ocrx_word' id='word_1_83' title='bbox 452 1602 525 1625; x_wconf 85' lang='lat' dir='ltr'>mox</span> <span class='ocrx_word' id='word_1_84' title='bbox 549 1594 734 1626; x_wconf 78' lang='lat' dir='ltr'>invadentes</span> 
     </span>
     <span class='ocr_line' id='line_1_28' title="bbox 322 1639 742 1680; baseline -0.005 -8"><span class='ocrx_word' id='word_1_85' title='bbox 322 1640 444 1672; x_wconf 84' lang='lat' dir='ltr'>Cedunt</span> <span class='ocrx_word' id='word_1_86' title='bbox 469 1641 566 1672; x_wconf 89' lang='lat' dir='ltr'>salvis</span> <span class='ocrx_word' id='word_1_87' title='bbox 590 1639 742 1680; x_wconf 83' lang='lat' dir='ltr'>omnibus,</span> 
     </span>
    </p>

    <p class='ocr_par' dir='ltr' id='par_1_16' title="bbox 275 1686 791 1766">
     <span class='ocr_line' id='line_1_29' title="bbox 275 1686 791 1726; baseline 0.004 -9"><span class='ocrx_word' id='word_1_88' title='bbox 275 1686 340 1724; x_wconf 68' lang='lat' dir='ltr'>Quo</span> <span class='ocrx_word' id='word_1_89' title='bbox 365 1686 527 1718; x_wconf 88' lang='lat' dir='ltr'>nobiscum</span> <span class='ocrx_word' id='word_1_90' title='bbox 553 1697 658 1719; x_wconf 89' lang='lat' dir='ltr'>omnes</span> <span class='ocrx_word' id='word_1_91' title='bbox 683 1689 791 1726; x_wconf 88' lang='lat' dir='ltr'>gentes</span> 
     </span>
     <span class='ocr_line' id='line_1_30' title="bbox 321 1733 749 1766; baseline 0.005 -2"><span class='ocrx_word' id='word_1_92' title='bbox 321 1733 480 1765; x_wconf 88' lang='lat' dir='ltr'>Plaudant</span> <span class='ocrx_word' id='word_1_93' title='bbox 503 1734 571 1766; x_wconf 89' lang='lat' dir='ltr'>Deo</span> <span class='ocrx_word' id='word_1_94' title='bbox 595 1734 749 1766; x_wconf 81' lang='lat' dir='ltr'>manibus,</span> 
     </span>
    </p>
   </div>
   <div class='ocr_carea' id='block_1_13' title="bbox 405 1807 611 1842">
    <p class='ocr_par' dir='ltr' id='par_1_17' title="bbox 405 1807 611 1842">
     <span class='ocr_line' id='line_1_31' title="bbox 405 1807 611 1842; baseline 0.005 -8"><span class='ocrx_word' id='word_1_95' title='bbox 405 1807 611 1842; x_wconf 84' lang='lat' dir='ltr'>Responsoria.</span> 
     </span>
    </p>
   </div>
   <div class='ocr_carea' id='block_1_14' title="bbox 201 1864 719 2417">
    <p class='ocr_par' dir='ltr' id='par_1_18' title="bbox 201 1864 719 2417">
     <span class='ocr_line' id='line_1_32' title="bbox 221 1864 684 1904; baseline 0.002 -9"><span class='ocrx_word' id='word_1_96' title='bbox 221 1864 250 1895; x_wconf 83' lang='lat'>1.</span> <span class='ocrx_word' id='word_1_97' title='bbox 277 1864 397 1895; x_wconf 88' lang='lat' dir='ltr'>Harum</span> <span class='ocrx_word' id='word_1_98' title='bbox 422 1864 525 1895; x_wconf 83' lang='lat' dir='ltr'>Attila</span> <span class='ocrx_word' id='word_1_99' title='bbox 546 1866 684 1904; x_wconf 85' lang='lat' dir='ltr'>gentium</span> 
     </span>
     <span class='ocr_line' id='line_1_33' title="bbox 272 1910 714 1943; baseline 0.005 -2"><span class='ocrx_word' id='word_1_100' title='bbox 272 1910 341 1941; x_wconf 80' lang='lat' dir='ltr'>Rex</span> <span class='ocrx_word' id='word_1_101' title='bbox 364 1910 474 1943; x_wconf 88' lang='lat' dir='ltr'>videns</span> <span class='ocrx_word' id='word_1_102' title='bbox 499 1911 531 1941; x_wconf 91' lang='lat' dir='ltr'>in</span> <span class='ocrx_word' id='word_1_103' title='bbox 558 1912 714 1943; x_wconf 84' lang='lat' dir='ltr'>excidium</span> 
     </span>
     <span class='ocr_line' id='line_1_34' title="bbox 321 1957 649 2000; baseline 0 -11"><span class='ocrx_word' id='word_1_104' title='bbox 321 1957 477 1989; x_wconf 85' lang='lat' dir='ltr'>Obsessae</span> <span class='ocrx_word' id='word_1_105' title='bbox 502 1958 649 2000; x_wconf 85' lang='lat' dir='ltr'>civitatis,</span> 
     </span>
     <span class='ocr_line' id='line_1_35' title="bbox 274 2002 623 2042; baseline 0.006 -9"><span class='ocrx_word' id='word_1_106' title='bbox 274 2002 458 2035; x_wconf 81' lang='lat' dir='ltr'>Geminiano</span> <span class='ocrx_word' id='word_1_107' title='bbox 482 2004 623 2042; x_wconf 83' lang='lat' dir='ltr'>praesuli</span> 
     </span>
     <span class='ocr_line' id='line_1_36' title="bbox 272 2047 719 2088; baseline 0.007 -9"><span class='ocrx_word' id='word_1_108' title='bbox 272 2048 390 2083; x_wconf 87' lang='lat' dir='ltr'>Fatur:</span> <span class='ocrx_word' id='word_1_109' title='bbox 417 2047 576 2088; x_wconf 87' lang='lat' dir='ltr'>flagellum</span> <span class='ocrx_word' id='word_1_110' title='bbox 601 2051 719 2082; x_wconf 88' lang='lat' dir='ltr'>saeculi</span> 
     </span>
     <span class='ocr_line' id='line_1_37' title="bbox 321 2095 671 2136; baseline 0.003 -9"><span class='ocrx_word' id='word_1_111' title='bbox 321 2095 396 2127; x_wconf 89' lang='lat' dir='ltr'>Sum</span> <span class='ocrx_word' id='word_1_112' title='bbox 421 2097 496 2126; x_wconf 86' lang='lat' dir='ltr'>nuto</span> <span class='ocrx_word' id='word_1_113' title='bbox 524 2096 671 2136; x_wconf 88' lang='lat' dir='ltr'>deitatis;</span> 
     </span>
     <span class='ocr_line' id='line_1_38' title="bbox 272 2142 709 2182; baseline -0.002 -8"><span class='ocrx_word' id='word_1_114' title='bbox 272 2142 450 2181; x_wconf 83' lang='lat' dir='ltr'>Flagellum</span> <span class='ocrx_word' id='word_1_115' title='bbox 476 2150 516 2172; x_wconf 91' lang='lat' dir='ltr'>ne</span> <span class='ocrx_word' id='word_1_116' title='bbox 539 2144 709 2182; x_wconf 74' lang='lat' dir='ltr'>respueris,</span> 
     </span>
     <span class='ocr_line' id='line_1_39' title="bbox 274 2188 715 2228; baseline -0.002 -8"><span class='ocrx_word' id='word_1_117' title='bbox 274 2188 368 2228; x_wconf 89' lang='lat' dir='ltr'>Cujus</span> <span class='ocrx_word' id='word_1_118' title='bbox 394 2192 426 2220; x_wconf 88' lang='lat' dir='ltr'>te</span> <span class='ocrx_word' id='word_1_119' title='bbox 449 2197 574 2219; x_wconf 88' lang='lat' dir='ltr'>servum</span> <span class='ocrx_word' id='word_1_120' title='bbox 600 2189 715 2221; x_wconf 81' lang='lat' dir='ltr'>asseris</span> 
     </span>
     <span class='ocr_line' id='line_1_40' title="bbox 320 2235 646 2269; baseline -0.006 -1"><span class='ocrx_word' id='word_1_121' title='bbox 320 2236 470 2268; x_wconf 86' lang='lat' dir='ltr'>Sermone</span> <span class='ocrx_word' id='word_1_122' title='bbox 493 2235 646 2269; x_wconf 85' lang='lat' dir='ltr'>veritatis.</span> 
     </span>
     <span class='ocr_line' id='line_1_41' title="bbox 201 2282 637 2322; baseline -0.005 -7"><span class='ocrx_word' id='word_1_123' title='bbox 201 2283 240 2315; x_wconf 92' lang='lat' dir='ltr'>V.</span> <span class='ocrx_word' id='word_1_124' title='bbox 269 2282 347 2314; x_wconf 78' lang='lat' dir='ltr'>&#39;Mox</span> <span class='ocrx_word' id='word_1_125' title='bbox 368 2283 458 2322; x_wconf 86' lang='lat' dir='ltr'>jussu</span> <span class='ocrx_word' id='word_1_126' title='bbox 482 2282 637 2321; x_wconf 86' lang='lat' dir='ltr'>praesulis</span> 
     </span>
     <span class='ocr_line' id='line_1_42' title="bbox 319 2327 597 2369; baseline -0.004 -8"><span class='ocrx_word' id='word_1_127' title='bbox 319 2329 451 2369; x_wconf 89' lang='lat' dir='ltr'>Apertis</span> <span class='ocrx_word' id='word_1_128' title='bbox 476 2327 597 2360; x_wconf 83' lang='lat' dir='ltr'>foribus</span> 
     </span>
     <span class='ocr_line' id='line_1_43' title="bbox 367 2376 663 2417; baseline -0.003 -10"><span class='ocrx_word' id='word_1_129' title='bbox 367 2377 473 2407; x_wconf 84' lang='lat' dir='ltr'>Intrat</span> <span class='ocrx_word' id='word_1_130' title='bbox 498 2376 663 2417; x_wconf 77' lang='lat' dir='ltr'>exercitus,</span> 
     </span>
    </p>
   </div>
   <div class='ocr_carea' id='block_1_15' title="bbox 953 239 1397 363">
    <p class='ocr_par' dir='ltr' id='par_1_19' title="bbox 953 239 1397 363">
     <span class='ocr_line' id='line_1_44' title="bbox 953 239 1289 278; baseline 0.003 -9"><span class='ocrx_word' id='word_1_131' title='bbox 953 239 1011 276; x_wconf 70' lang='lat' dir='ltr'>Qui</span> <span class='ocrx_word' id='word_1_132' title='bbox 1036 239 1134 271; x_wconf 85' lang='lat' dir='ltr'>salvis</span> <span class='ocrx_word' id='word_1_133' title='bbox 1159 239 1289 278; x_wconf 84' lang='lat' dir='ltr'>singulis</span> 
     </span>
     <span class='ocr_line' id='line_1_45' title="bbox 997 285 1334 326; baseline -0.003 -10"><span class='ocrx_word' id='word_1_134' title='bbox 997 285 1104 316; x_wconf 82' lang='lat' dir='ltr'>Rebus</span> <span class='ocrx_word' id='word_1_135' title='bbox 1129 294 1167 316; x_wconf 89' lang='lat' dir='ltr'>ac</span> <span class='ocrx_word' id='word_1_136' title='bbox 1191 285 1334 326; x_wconf 87' lang='lat' dir='ltr'>gentibus</span> 
     </span>
     <span class='ocr_line' id='line_1_46' title="bbox 1045 331 1397 363; baseline 0.003 -1"><span class='ocrx_word' id='word_1_137' title='bbox 1045 332 1195 363; x_wconf 87' lang='lat' dir='ltr'>Tendunt</span> <span class='ocrx_word' id='word_1_138' title='bbox 1218 331 1259 363; x_wconf 82' lang='lat' dir='ltr'>ad</span> <span class='ocrx_word' id='word_1_139' title='bbox 1286 332 1397 363; x_wconf 83' lang='lat' dir='ltr'>exitus.</span> 
     </span>
    </p>
   </div>
   <div class='ocr_carea' id='block_1_16' title="bbox 881 393 1498 847">
    <p class='ocr_par' dir='ltr' id='par_1_20' title="bbox 892 393 1492 480">
     <span class='ocr_line' id='line_1_47' title="bbox 892 393 1492 434; baseline 0 -8"><span class='ocrx_word' id='word_1_140' title='bbox 892 396 923 428; x_wconf 81' lang='lat'>2.</span> <span class='ocrx_word' id='word_1_141' title='bbox 949 396 1059 428; x_wconf 85' lang='lat' dir='ltr'>Carnis</span> <span class='ocrx_word' id='word_1_142' title='bbox 1084 395 1195 427; x_wconf 87' lang='lat' dir='ltr'>foedus</span> <span class='ocrx_word' id='word_1_143' title='bbox 1219 395 1290 426; x_wconf 88' lang='lat' dir='ltr'>dum</span> <span class='ocrx_word' id='word_1_144' title='bbox 1305 396 1371 434; x_wconf 82' lang='lat' dir='ltr'>jam</span> <span class='ocrx_word' id='word_1_145' title='bbox 1387 393 1492 426; x_wconf 78' lang='lat' dir='ltr'>tendit</span> 
     </span>
     <span class='ocr_line' id='line_1_48' title="bbox 997 441 1352 480; baseline -0.006 -7"><span class='ocrx_word' id='word_1_146' title='bbox 997 442 1050 473; x_wconf 84' lang='lat' dir='ltr'>Ad</span> <span class='ocrx_word' id='word_1_147' title='bbox 1075 442 1141 480; x_wconf 87' lang='lat' dir='ltr'>ejus</span> <span class='ocrx_word' id='word_1_148' title='bbox 1166 441 1352 480; x_wconf 87' lang='lat' dir='ltr'>primordia,</span> 
     </span>
    </p>

    <p class='ocr_par' dir='ltr' id='par_1_21' title="bbox 949 487 1498 668">
     <span class='ocr_line' id='line_1_49' title="bbox 950 487 1498 520; baseline -0.002 -1"><span class='ocrx_word' id='word_1_149' title='bbox 950 488 1032 519; x_wconf 86' lang='lat' dir='ltr'>Vere</span> <span class='ocrx_word' id='word_1_150' title='bbox 1065 488 1208 520; x_wconf 84' lang='lat' dir='ltr'>Christus</span> <span class='ocrx_word' id='word_1_151' title='bbox 1234 487 1307 518; x_wconf 88' lang='lat' dir='ltr'>huic</span> <span class='ocrx_word' id='word_1_152' title='bbox 1333 488 1498 519; x_wconf 88' lang='lat' dir='ltr'>descendit</span> 
     </span>
     <span class='ocr_line' id='line_1_50' title="bbox 995 533 1384 573; baseline 0.003 -8"><span class='ocrx_word' id='word_1_153' title='bbox 995 534 1080 566; x_wconf 84' lang='lat' dir='ltr'>Voce</span> <span class='ocrx_word' id='word_1_154' title='bbox 1105 533 1210 566; x_wconf 88' lang='lat' dir='ltr'>ferens</span> <span class='ocrx_word' id='word_1_155' title='bbox 1235 534 1384 573; x_wconf 85' lang='lat' dir='ltr'>propria:</span> 
     </span>
     <span class='ocr_line' id='line_1_51' title="bbox 949 580 1449 620; baseline 0 -8"><span class='ocrx_word' id='word_1_156' title='bbox 949 580 1047 612; x_wconf 85' lang='lat' dir='ltr'>Serve</span> <span class='ocrx_word' id='word_1_157' title='bbox 1070 590 1168 620; x_wconf 86' lang='lat' dir='ltr'>meus,</span> <span class='ocrx_word' id='word_1_158' title='bbox 1196 582 1227 612; x_wconf 88' lang='lat' dir='ltr'>et</span> <span class='ocrx_word' id='word_1_159' title='bbox 1250 581 1449 619; x_wconf 84' lang='lat' dir='ltr'>praetendit:</span> 
     </span>
     <span class='ocr_line' id='line_1_52' title="bbox 996 628 1376 668; baseline 0 -9"><span class='ocrx_word' id='word_1_160' title='bbox 996 628 1087 668; x_wconf 89' lang='lat' dir='ltr'>Veni,</span> <span class='ocrx_word' id='word_1_161' title='bbox 1114 628 1191 659; x_wconf 89' lang='lat' dir='ltr'>tolle</span> <span class='ocrx_word' id='word_1_162' title='bbox 1215 628 1376 667; x_wconf 82' lang='lat' dir='ltr'>praemia3</span> 
     </span>
    </p>

    <p class='ocr_par' dir='ltr' id='par_1_22' title="bbox 881 673 1458 847">
     <span class='ocr_line' id='line_1_53' title="bbox 881 673 1458 714; baseline 0 -9"><span class='ocrx_word' id='word_1_163' title='bbox 881 674 919 709; x_wconf 79' lang='lat' dir='ltr'>V,</span> <span class='ocrx_word' id='word_1_164' title='bbox 953 673 1070 705; x_wconf 86' lang='lat' dir='ltr'>Christi</span> <span class='ocrx_word' id='word_1_165' title='bbox 1094 674 1222 713; x_wconf 85' lang='lat' dir='ltr'>praesul</span> <span class='ocrx_word' id='word_1_166' title='bbox 1245 674 1293 705; x_wconf 85' lang='lat' dir='ltr'>sic</span> <span class='ocrx_word' id='word_1_167' title='bbox 1317 675 1458 714; x_wconf 82' lang='lat' dir='ltr'>exspirat</span> 
     </span>
     <span class='ocr_line' id='line_1_54' title="bbox 998 720 1339 760; baseline 0.003 -8"><span class='ocrx_word' id='word_1_168' title='bbox 998 720 1111 760; x_wconf 87' lang='lat' dir='ltr'>Septus</span> <span class='ocrx_word' id='word_1_169' title='bbox 1138 721 1217 752; x_wconf 86' lang='lat' dir='ltr'>caeli</span> <span class='ocrx_word' id='word_1_170' title='bbox 1243 722 1339 760; x_wconf 90' lang='lat' dir='ltr'>curia,</span> 
     </span>
     <span class='ocr_line' id='line_1_55' title="bbox 951 766 1384 800; baseline 0.002 -1"><span class='ocrx_word' id='word_1_171' title='bbox 951 766 1049 799; x_wconf 80' lang='lat' dir='ltr'>Cursu</span> <span class='ocrx_word' id='word_1_172' title='bbox 1074 768 1156 800; x_wconf 84' lang='lat' dir='ltr'>vitae</span> <span class='ocrx_word' id='word_1_173' title='bbox 1179 776 1243 800; x_wconf 88' lang='lat' dir='ltr'>non</span> <span class='ocrx_word' id='word_1_174' title='bbox 1269 768 1384 800; x_wconf 82' lang='lat' dir='ltr'>delirat</span> 
     </span>
     <span class='ocr_line' id='line_1_56' title="bbox 993 814 1404 847; baseline 0.005 -2"><span class='ocrx_word' id='word_1_175' title='bbox 993 814 1156 846; x_wconf 83' lang='lat' dir='ltr'>Seandens</span> <span class='ocrx_word' id='word_1_176' title='bbox 1180 814 1222 846; x_wconf 86' lang='lat' dir='ltr'>ad</span> <span class='ocrx_word' id='word_1_177' title='bbox 1247 815 1404 847; x_wconf 80' lang='lat' dir='ltr'>caelestia.</span> 
     </span>
    </p>
   </div>
   <div class='ocr_carea' id='block_1_17' title="bbox 879 879 1484 2085">
    <p class='ocr_par' dir='ltr' id='par_1_23' title="bbox 879 879 1484 2085">
     <span class='ocr_line' id='line_1_57' title="bbox 893 879 1438 912; baseline 0 0"><span class='ocrx_word' id='word_1_178' title='bbox 893 880 923 912; x_wconf 85' lang='lat'>3.</span> <span class='ocrx_word' id='word_1_179' title='bbox 951 879 1092 911; x_wconf 79' lang='lat' dir='ltr'>Granum</span> <span class='ocrx_word' id='word_1_180' title='bbox 1117 879 1181 911; x_wconf 82' lang='lat' dir='ltr'>fert</span> <span class='ocrx_word' id='word_1_181' title='bbox 1206 879 1280 911; x_wconf 86' lang='lat' dir='ltr'>dum</span> <span class='ocrx_word' id='word_1_182' title='bbox 1303 881 1438 912; x_wconf 85' lang='lat' dir='ltr'>moritur</span> 
     </span>
     <span class='ocr_line' id='line_1_58' title="bbox 998 925 1312 966; baseline 0 -9"><span class='ocrx_word' id='word_1_183' title='bbox 998 925 1127 965; x_wconf 89' lang='lat' dir='ltr'>Copiam</span> <span class='ocrx_word' id='word_1_184' title='bbox 1151 925 1312 966; x_wconf 79' lang='lat' dir='ltr'>frumenti,</span> 
     </span>
     <span class='ocr_line' id='line_1_59' title="bbox 948 972 1345 1012; baseline 0.003 -9"><span class='ocrx_word' id='word_1_185' title='bbox 948 972 1152 1004; x_wconf 87' lang='lat' dir='ltr'>Alabastrum</span> <span class='ocrx_word' id='word_1_186' title='bbox 1177 972 1345 1012; x_wconf 82' lang='lat' dir='ltr'>frangitur,</span> 
     </span>
     <span class='ocr_line' id='line_1_60' title="bbox 994 1019 1389 1060; baseline 0.003 -10"><span class='ocrx_word' id='word_1_187' title='bbox 994 1019 1132 1059; x_wconf 85' lang='lat' dir='ltr'>Fragrat</span> <span class='ocrx_word' id='word_1_188' title='bbox 1156 1020 1203 1051; x_wconf 91' lang='lat' dir='ltr'>vis</span> <span class='ocrx_word' id='word_1_189' title='bbox 1229 1021 1389 1060; x_wconf 74' lang='lat' dir='ltr'>unguenti,</span> 
     </span>
     <span class='ocr_line' id='line_1_61' title="bbox 950 1066 1356 1104; baseline 0.002 -7"><span class='ocrx_word' id='word_1_190' title='bbox 950 1066 1093 1104; x_wconf 84' lang='lat' dir='ltr'>Sospitas</span> <span class='ocrx_word' id='word_1_191' title='bbox 1120 1067 1193 1097; x_wconf 88' lang='lat' dir='ltr'>dum</span> <span class='ocrx_word' id='word_1_192' title='bbox 1217 1066 1356 1098; x_wconf 84' lang='lat' dir='ltr'>traditur</span> 
     </span>
     <span class='ocr_line' id='line_1_62' title="bbox 997 1112 1254 1154; baseline -0.008 -10"><span class='ocrx_word' id='word_1_193' title='bbox 997 1112 1088 1144; x_wconf 90' lang='lat' dir='ltr'>Omni</span> <span class='ocrx_word' id='word_1_194' title='bbox 1111 1113 1254 1154; x_wconf 85' lang='lat' dir='ltr'>patienti,</span> 
     </span>
     <span class='ocr_line' id='line_1_63' title="bbox 950 1158 1336 1198; baseline 0 -8"><span class='ocrx_word' id='word_1_195' title='bbox 950 1158 1014 1190; x_wconf 88' lang='lat' dir='ltr'>Ubi</span> <span class='ocrx_word' id='word_1_196' title='bbox 1039 1168 1151 1198; x_wconf 85' lang='lat' dir='ltr'>corpus</span> <span class='ocrx_word' id='word_1_197' title='bbox 1178 1159 1336 1192; x_wconf 80' lang='lat' dir='ltr'>clauditur</span> 
     </span>
     <span class='ocr_line' id='line_1_64' title="bbox 996 1206 1308 1238; baseline 0.006 -2"><span class='ocrx_word' id='word_1_198' title='bbox 996 1206 1083 1237; x_wconf 88' lang='lat' dir='ltr'>Arca</span> <span class='ocrx_word' id='word_1_199' title='bbox 1106 1206 1308 1238; x_wconf 87' lang='lat' dir='ltr'>monumenti.</span> 
     </span>
     <span class='ocr_line' id='line_1_65' title="bbox 950 1252 1250 1291; baseline 0 -7"><span class='ocrx_word' id='word_1_200' title='bbox 950 1252 1102 1284; x_wconf 83' lang='lat' dir='ltr'>Caelestis</span> <span class='ocrx_word' id='word_1_201' title='bbox 1126 1253 1250 1291; x_wconf 87' lang='lat' dir='ltr'>militia,</span> 
     </span>
     <span class='ocr_line' id='line_1_66' title="bbox 994 1298 1320 1342; baseline 0.006 -13"><span class='ocrx_word' id='word_1_202' title='bbox 994 1298 1098 1330; x_wconf 82' lang='lat' dir='ltr'>Decor</span> <span class='ocrx_word' id='word_1_203' title='bbox 1121 1298 1320 1342; x_wconf 84' lang='lat' dir='ltr'>firmamenti,</span> 
     </span>
     <span class='ocr_line' id='line_1_67' title="bbox 950 1344 1291 1385; baseline 0.006 -10"><span class='ocrx_word' id='word_1_204' title='bbox 950 1344 1058 1385; x_wconf 85' lang='lat' dir='ltr'>Surgit</span> <span class='ocrx_word' id='word_1_205' title='bbox 1081 1346 1124 1377; x_wconf 87' lang='lat' dir='ltr'>ad</span> <span class='ocrx_word' id='word_1_206' title='bbox 1147 1346 1291 1385; x_wconf 85' lang='lat' dir='ltr'>tripudia</span> 
     </span>
     <span class='ocr_line' id='line_1_68' title="bbox 997 1392 1343 1435; baseline 0.003 -13"><span class='ocrx_word' id='word_1_207' title='bbox 997 1392 1142 1423; x_wconf 85' lang='lat' dir='ltr'>Praesuli</span> <span class='ocrx_word' id='word_1_208' title='bbox 1163 1393 1343 1435; x_wconf 83' lang='lat' dir='ltr'>scandenti,</span> 
     </span>
     <span class='ocr_line' id='line_1_69' title="bbox 950 1436 1232 1479; baseline 0.011 -12"><span class='ocrx_word' id='word_1_209' title='bbox 950 1436 1106 1470; x_wconf 85' lang='lat' dir='ltr'>Laureato</span> <span class='ocrx_word' id='word_1_210' title='bbox 1132 1440 1232 1479; x_wconf 85' lang='lat' dir='ltr'>gloria</span> 
     </span>
     <span class='ocr_line' id='line_1_70' title="bbox 997 1484 1361 1524; baseline 0.014 -9"><span class='ocrx_word' id='word_1_211' title='bbox 997 1484 1164 1524; x_wconf 84' lang='lat' dir='ltr'>Nunquam</span> <span class='ocrx_word' id='word_1_212' title='bbox 1190 1486 1361 1520; x_wconf 83' lang='lat' dir='ltr'>decidenti.</span> 
     </span>
     <span class='ocr_line' id='line_1_71' title="bbox 942 1531 1325 1571; baseline 0.003 -8"><span class='ocrx_word' id='word_1_213' title='bbox 942 1531 1031 1563; x_wconf 88' lang='lat' dir='ltr'>Patri</span> <span class='ocrx_word' id='word_1_214' title='bbox 1052 1532 1131 1571; x_wconf 82' lang='lat' dir='ltr'>laus,</span> <span class='ocrx_word' id='word_1_215' title='bbox 1160 1533 1325 1564; x_wconf 86' lang='lat' dir='ltr'>clementia</span> 
     </span>
     <span class='ocr_line' id='line_1_72' title="bbox 994 1578 1285 1619; baseline 0.003 -10"><span class='ocrx_word' id='word_1_216' title='bbox 994 1578 1043 1610; x_wconf 84' lang='lat' dir='ltr'>Sit</span> <span class='ocrx_word' id='word_1_217' title='bbox 1068 1579 1285 1619; x_wconf 86' lang='lat' dir='ltr'>omnipotenti,</span> 
     </span>
     <span class='ocr_line' id='line_1_73' title="bbox 950 1623 1273 1658; baseline 0.009 -4"><span class='ocrx_word' id='word_1_218' title='bbox 950 1623 1058 1656; x_wconf 84' lang='lat' dir='ltr'>Virtus</span> <span class='ocrx_word' id='word_1_219' title='bbox 1082 1629 1115 1657; x_wconf 86' lang='lat' dir='ltr'>et</span> <span class='ocrx_word' id='word_1_220' title='bbox 1137 1626 1273 1658; x_wconf 72' lang='lat' dir='ltr'>victoria</span> 
     </span>
     <span class='ocr_line' id='line_1_74' title="bbox 996 1671 1291 1713; baseline 0.007 -11"><span class='ocrx_word' id='word_1_221' title='bbox 996 1671 1080 1703; x_wconf 85' lang='lat' dir='ltr'>Nato</span> <span class='ocrx_word' id='word_1_222' title='bbox 1105 1673 1291 1713; x_wconf 85' lang='lat' dir='ltr'>resurgenti,</span> 
     </span>
     <span class='ocr_line' id='line_1_75' title="bbox 948 1718 1286 1761; baseline 0.006 -12"><span class='ocrx_word' id='word_1_223' title='bbox 948 1718 999 1750; x_wconf 90' lang='lat' dir='ltr'>Ab</span> <span class='ocrx_word' id='word_1_224' title='bbox 1024 1721 1158 1759; x_wconf 89' lang='lat' dir='ltr'>utroque</span> <span class='ocrx_word' id='word_1_225' title='bbox 1183 1720 1286 1761; x_wconf 85' lang='lat' dir='ltr'>gloria</span> 
     </span>
     <span class='ocr_line' id='line_1_76' title="bbox 995 1765 1363 1808; baseline 0.005 -12"><span class='ocrx_word' id='word_1_226' title='bbox 995 1765 1133 1798; x_wconf 88' lang='lat' dir='ltr'>Flamini</span> <span class='ocrx_word' id='word_1_227' title='bbox 1157 1767 1363 1808; x_wconf 89' lang='lat' dir='ltr'>procedenti;</span> 
     </span>
     <span class='ocr_line' id='line_1_77' title="bbox 879 1812 1484 1846; baseline 0.005 -4"><span class='ocrx_word' id='word_1_228' title='bbox 879 1812 914 1845; x_wconf 89' lang='lat' dir='ltr'>V.</span> <span class='ocrx_word' id='word_1_229' title='bbox 947 1812 1079 1846; x_wconf 86' lang='lat' dir='ltr'>Praesul</span> <span class='ocrx_word' id='word_1_230' title='bbox 1107 1813 1225 1846; x_wconf 86' lang='lat' dir='ltr'>Christi</span> <span class='ocrx_word' id='word_1_231' title='bbox 1252 1814 1327 1846; x_wconf 87' lang='lat' dir='ltr'>dum</span> <span class='ocrx_word' id='word_1_232' title='bbox 1349 1817 1484 1846; x_wconf 85' lang='lat' dir='ltr'>vocatur</span> 
     </span>
     <span class='ocr_line' id='line_1_78' title="bbox 993 1860 1354 1903; baseline 0.011 -14"><span class='ocrx_word' id='word_1_233' title='bbox 993 1860 1047 1891; x_wconf 89' lang='lat' dir='ltr'>Ad</span> <span class='ocrx_word' id='word_1_234' title='bbox 1072 1869 1171 1900; x_wconf 84' lang='lat' dir='ltr'>regna</span> <span class='ocrx_word' id='word_1_235' title='bbox 1196 1861 1354 1903; x_wconf 87' lang='lat' dir='ltr'>caelestia,</span> 
     </span>
     <span class='ocr_line' id='line_1_79' title="bbox 951 1904 1364 1939; baseline 0.01 -4"><span class='ocrx_word' id='word_1_236' title='bbox 951 1904 1036 1937; x_wconf 86' lang='lat' dir='ltr'>Voce</span> <span class='ocrx_word' id='word_1_237' title='bbox 1059 1907 1157 1938; x_wconf 86' lang='lat' dir='ltr'>melos</span> <span class='ocrx_word' id='word_1_238' title='bbox 1182 1908 1364 1939; x_wconf 82' lang='lat' dir='ltr'>modulatur</span> 
     </span>
     <span class='ocr_line' id='line_1_80' title="bbox 997 1952 1329 1994; baseline 0.006 -10"><span class='ocrx_word' id='word_1_239' title='bbox 997 1952 1104 1984; x_wconf 88' lang='lat' dir='ltr'>Omnis</span> <span class='ocrx_word' id='word_1_240' title='bbox 1130 1955 1209 1986; x_wconf 88' lang='lat' dir='ltr'>caeli</span> <span class='ocrx_word' id='word_1_241' title='bbox 1232 1955 1329 1994; x_wconf 89' lang='lat' dir='ltr'>curia,</span> 
     </span>
     <span class='ocr_line' id='line_1_81' title="bbox 949 1998 1300 2040; baseline 0.009 -11"><span class='ocrx_word' id='word_1_242' title='bbox 949 1998 1121 2033; x_wconf 83' lang='lat' dir='ltr'>Paradisus</span> <span class='ocrx_word' id='word_1_243' title='bbox 1146 2001 1300 2040; x_wconf 85' lang='lat' dir='ltr'>gloriatur</span> 
     </span>
     <span class='ocr_line' id='line_1_82' title="bbox 996 2045 1425 2085; baseline 0.014 -10"><span class='ocrx_word' id='word_1_244' title='bbox 996 2045 1087 2076; x_wconf 86' lang='lat' dir='ltr'>Vitae</span> <span class='ocrx_word' id='word_1_245' title='bbox 1111 2047 1249 2079; x_wconf 87' lang='lat' dir='ltr'>reddens</span> <span class='ocrx_word' id='word_1_246' title='bbox 1275 2048 1425 2085; x_wconf 86' lang='lat' dir='ltr'>praemia.</span> 
     </span>
    </p>
   </div>
   <div class='ocr_carea' id='block_1_18' title="bbox 1035 2156 1338 2190">
    <p class='ocr_par' dir='ltr' id='par_1_24' title="bbox 1035 2156 1338 2190">
     <span class='ocr_line' id='line_1_83' title="bbox 1035 2156 1338 2190; baseline 0.007 -2"><span class='ocrx_word' id='word_1_247' title='bbox 1035 2157 1082 2188; x_wconf 91' lang='lat' dir='ltr'>In</span> <span class='ocrx_word' id='word_1_248' title='bbox 1109 2156 1338 2190; x_wconf 78' lang='lat' dir='ltr'>Laudibus.</span> 
     </span>
    </p>
   </div>
   <div class='ocr_carea' id='block_1_19' title="bbox 1091 2230 1285 2265">
    <p class='ocr_par' dir='ltr' id='par_1_25' title="bbox 1091 2230 1285 2265">
     <span class='ocr_line' id='line_1_84' title="bbox 1091 2230 1285 2265; baseline 0 -9"><span class='ocrx_word' id='word_1_249' title='bbox 1091 2230 1285 2265; x_wconf 76' lang='lat' dir='ltr'>Anfiphonae.</span> 
     </span>
    </p>
   </div>
   <div class='ocr_carea' id='block_1_20' title="bbox 891 2286 1416 2426">
    <p class='ocr_par' dir='ltr' id='par_1_26' title="bbox 891 2286 1416 2426">
     <span class='ocr_line' id='line_1_85' title="bbox 891 2286 1367 2327; baseline 0.004 -9"><span class='ocrx_word' id='word_1_250' title='bbox 891 2287 921 2320; x_wconf 86' lang='grc'>1.</span> <span class='ocrx_word' id='word_1_251' title='bbox 948 2286 1094 2325; x_wconf 73' lang='lat' dir='ltr'>Regnans</span> <span class='ocrx_word' id='word_1_252' title='bbox 1119 2286 1202 2318; x_wconf 87' lang='lat' dir='ltr'>filius</span> <span class='ocrx_word' id='word_1_253' title='bbox 1228 2287 1367 2327; x_wconf 83' lang='lat' dir='ltr'>virginis,</span> 
     </span>
     <span class='ocr_line' id='line_1_86' title="bbox 949 2331 1416 2377; baseline 0.006 -11"><span class='ocrx_word' id='word_1_254' title='bbox 949 2331 1106 2371; x_wconf 81' lang='lat' dir='ltr'>Splendor</span> <span class='ocrx_word' id='word_1_255' title='bbox 1129 2334 1255 2372; x_wconf 87' lang='lat' dir='ltr'>paterni</span> <span class='ocrx_word' id='word_1_256' title='bbox 1279 2335 1416 2377; x_wconf 86' lang='lat' dir='ltr'>luminis,</span> 
     </span>
     <span class='ocr_line' id='line_1_87' title="bbox 997 2379 1346 2426; baseline 0.009 -16"><span class='ocrx_word' id='word_1_257' title='bbox 997 2379 1105 2411; x_wconf 88' lang='lat' dir='ltr'>Induit</span> <span class='ocrx_word' id='word_1_258' title='bbox 1130 2389 1164 2411; x_wconf 87' lang='lat' dir='ltr'>se</span> <span class='ocrx_word' id='word_1_259' title='bbox 1190 2381 1346 2426; x_wconf 87' lang='lat' dir='ltr'>decorem,</span> 
     </span>
    </p>
   </div>
  </div>
 </body>
</html>
