1652 2615
395 241 600 277 Rosponsoria.

198 298 229 330 1.
255 296 336 336 Lux,
363 305 445 337 ecce,
472 297 571 337 surgit
595 296 690 328 hodie

301 343 437 383 Magnae
462 343 678 382 solemnitatis,

254 389 396 421 Laudum
421 390 562 421 libantur
587 389 709 421 hostiae

302 437 338 467 In
364 445 419 467 ara
445 436 602 475 puritatis,

256 481 306 514 Ne
330 484 436 513 tantae
463 483 545 513 dona
568 481 688 521 gratiae

299 526 495 559 Auferantur
518 528 661 567 ingratis.

221 600 228 607 .
257 575 356 607 Lacte
379 575 519 613 psallant
543 574 694 605 ecclesiae

255 621 437 653 Laudantes
461 629 566 661 regem
590 620 709 660 gloriae

303 668 365 699 Pro
392 667 480 699 donis
506 668 565 699 sibi
592 666 684 699 datis.

227 749 234 755 .
260 723 343 755 Dum
367 723 466 755 leonis
491 723 668 754 immanitas

304 770 399 801 Latet
422 770 480 801 sub
506 770 578 810 agni
603 770 730 808 vellere,

259 817 297 849 In
321 816 475 848 insontem
501 816 650 848 atrocitas

302 863 425 895 Insanit
446 864 546 902 prolis
570 863 707 904 viperae,

259 909 343 942 Justi
366 910 448 941 latus
473 910 620 949 iniquitas

303 955 406 987 Letali
433 955 515 988 fodit
539 956 677 988 vulnere.

217 1030 224 1036 .
259 1003 283 1034 O
308 1002 388 1033 mira
410 1001 487 1034 ferri
512 1003 671 1043 sanctitas,

304 1049 393 1087 Quod
410 1049 553 1080 vibratur
577 1049 637 1080 hoo
660 1049 772 1087 latere,

257 1095 323 1133 Quo
347 1095 510 1127 vulnerata
536 1096 650 1127 caritas

306 1140 466 1173 Satisfecit
489 1151 546 1181 pro
571 1142 699 1174 scelere.

202 1220 209 1229 .
225 1223 232 1230 .
260 1197 403 1230 Christus
427 1198 460 1228 in
484 1198 583 1237 patris
608 1197 700 1228 vinea

305 1244 366 1275 Pro
390 1243 480 1275 nobis
504 1244 674 1285 vapulavit,

257 1290 339 1321 Dum
364 1288 499 1321 fructum
525 1299 601 1331 gens
627 1298 757 1321 erronea

304 1336 441 1368 Petitum
469 1337 643 1377 denegavit,

256 1382 394 1415 Insontis
420 1384 502 1415 latus
526 1384 637 1415 lancea

305 1429 448 1461 Crudelis
478 1429 662 1469 perforavit.

219 1500 227 1507 .
256 1475 349 1507 Felix
375 1477 478 1516 cuspis
505 1480 554 1508 est
577 1475 691 1517 ferrea,

259 1523 326 1561 Qua
351 1522 511 1555 confossus
536 1533 556 1555 a
580 1522 699 1554 framea

305 1569 432 1601 Fideles
458 1570 613 1601 liberavit.

316 1662 361 1693 In
388 1663 419 1694 2.
446 1663 672 1695 Nocturno.

404 1727 582 1762 Antiphona.

223 1808 231 1815 .
259 1783 367 1814 Carnis
390 1783 519 1815 indutus
544 1784 653 1815 trabea

261 1830 385 1862 Corona
410 1830 552 1862 Christus
577 1831 687 1869 spinea

304 1877 366 1908 Pro
390 1877 480 1908 nobis
507 1879 682 1916 coronatur,

259 1922 348 1953 Haec
373 1926 421 1954 est
443 1923 608 1963 praeclara
632 1924 732 1963 galea,

259 1969 326 2007 Qua
349 1968 447 2000 hostis
473 1970 580 2001 horret
602 1968 722 2001 framea

304 2014 348 2046 Et
373 2016 484 2047 caedes
509 2016 684 2049 hebetatur.

394 2088 599 2125 Responsoria.

229 2172 236 2179 .
262 2145 394 2177 Aeterni
418 2145 613 2178 tabernaculi

258 2192 327 2224 Rex
352 2194 384 2222 et
407 2192 589 2232 redemptor
613 2193 730 2223 saeculi

306 2239 438 2270 Vileseit
460 2239 638 2281 insensatis,

258 2286 388 2318 Indutus
414 2285 515 2318 forma
539 2286 655 2317 servuli

258 2333 364 2373 Spinis
388 2336 537 2365 coronant
559 2333 674 2364 aemuli

303 2380 471 2412 Dominum
495 2380 686 2419 majestatis3

802 147 844 181 38

929 241 1072 273 Haerent
1094 242 1127 273 in
1152 250 1246 273 carne
1270 239 1390 272 stimuli

929 287 1106 328 spinarum,
1139 288 1248 319 sordes
1274 286 1381 327 populi

974 335 1053 366 Fert
1079 334 1161 366 liber
1185 343 1204 365 a
1227 333 1378 373 peccatis.

871 401 890 430 ις.)

895 423 901 429 .
928 399 1131 431 Occidentem

974 445 1116 476 illustrat
1140 444 1243 475 oriens

930 491 1045 522 Verum
1070 492 1167 522 solem

975 537 1065 568 nobis
1088 537 1251 577 adjiciens,

930 583 1023 623 Spem
1049 583 1207 623 vincendi,

977 639 1122 662 coronam
1145 630 1293 670 largiens

927 678 1036 708 Victor
1062 676 1204 709 Christus

975 732 1062 755 arma
1085 723 1238 755 victoriae

929 770 1011 802 Suae
1035 770 1126 802 nobis

975 818 1151 848 transmisit
1176 816 1280 848 hodie.

859 678 896 709 V.

872 886 902 917 3.
928 883 978 915 De
1002 885 1143 914 torrente

975 929 1086 961 bibens
1109 929 1256 960 miseriae

927 975 1092 1009 Exaltavit

976 1024 1070 1062 caput
1093 1032 1150 1054 rex
1174 1022 1294 1063 gloriae

930 1070 1117 1102 Coronatum

975 1116 1075 1155 spinis
1096 1116 1269 1156 angustiae.

926 1164 1123 1203 Regnaturos

976 1210 1066 1241 decet
1089 1209 1242 1249 angustia,

927 1257 976 1290 Ut
1000 1265 1135 1288 coronae

976 1305 1082 1334 monet
1105 1302 1246 1334 materia.

987 1435 1032 1466 In
1058 1435 1089 1467 3.
1117 1434 1343 1466 NocturnO.

1074 1518 1249 1554 Antiphona.

875 1587 904 1618 1.
933 1585 1034 1625 Cruci,
1062 1594 1195 1617 coronae
1219 1585 1349 1623 spineae

930 1634 1089 1671 Sam-oque
1114 1631 1199 1663 ferro
1223 1632 1352 1662 lanceae

975 1679 1135 1710 Honorem
1164 1678 1393 1718 impendamus,

929 1727 1018 1758 Haec
1046 1729 1117 1758 sunt
1142 1725 1260 1757 vexilla
1285 1724 1382 1764 regia,

928 1774 990 1805 Per
1014 1781 1093 1812 quae
1119 1781 1252 1805 coronae
1276 1771 1393 1811 gaudia

977 1820 1154 1858 Perpetuae
1178 1827 1351 1859 speramus.

1070 1903 1275 1938 Responsoria.

873 1962 905 1994 1.
926 1959 1019 1991 Felix
1043 1960 1145 2001 spina,

977 2014 1036 2045 per
1062 2007 1148 2045 cujus
1169 2007 1329 2038 stimulum

932 2052 1064 2092 Sanguis
1089 2054 1162 2097 exit,

978 2100 1031 2139 qui
1056 2102 1159 2132 salvat
1181 2101 1340 2143 populum,

932 2147 1117 2179 Recolamus

979 2202 1093 2233 agnum
1121 2194 1310 2225 anniculum.

863 2241 902 2275 V.
933 2241 957 2273 O
982 2249 1075 2280 quam
1100 2240 1209 2272 felices

978 2294 1051 2318 sunt
1074 2287 1155 2319 istae
1178 2288 1289 2326 spinae

930 2335 1107 2367 Vernantes
1130 2335 1203 2374 agni

980 2390 1070 2413 roseo
1093 2382 1253 2422 sanguine.
