1652 2615
332 228 426 259 Venit
452 229 642 272 benedictio,

328 275 396 313 Qua
419 276 505 314 perit
531 277 698 311 damnatio.

207 320 243 352 V.
277 320 361 351 Laus
386 321 455 359 tibi,
491 323 577 363 virgo
603 329 737 358 sacrata.

281 366 341 397 Dei
367 371 471 400 mater
495 369 631 412 illibata,

328 414 391 445 Per
416 424 509 454 quam
533 416 571 448 fit
595 419 737 451 salvatio.

218 470 249 502 2.
276 470 371 502 Roris
397 473 476 503 caeli

328 518 452 557 repleta
476 520 568 558 copia

277 565 383 596 Parva
407 565 506 597 nubes

326 611 365 642 de
392 612 477 643 caelo
502 613 635 652 tollitur,

279 657 461 689 Gratiarum

323 713 383 744 per
403 705 567 737 stillicidia

275 751 415 783 Mundus
441 761 534 784 arens

324 797 479 831 fecundus
505 799 661 843 redditur,

276 845 394 877 Plenus
420 855 496 887 ager

322 891 468 933 fragrans
494 894 690 933 ostenditur3

202 939 238 971 V.
270 940 360 971 Haec
383 941 547 973 hortorum

319 986 390 1019 fons
420 987 616 1027 indeficiens,

270 1034 359 1066 Haeo
383 1037 497 1074 puteus

316 1084 454 1113 mentem
478 1081 635 1114 reficiens.

215 1139 246 1170 3.
273 1137 361 1177 Lyra
385 1147 496 1170 sacrae
519 1138 676 1169 melodiae

270 1184 376 1216 David
401 1194 496 1216 manu
521 1187 607 1216 tacta
631 1184 684 1223 pie

318 1233 445 1264 Plectro
470 1232 573 1263 sancti
597 1231 739 1273 spiritus,

268 1279 374 1311 Vitam
402 1279 503 1311 dulcis
527 1278 719 1320 harmoniae,

266 1327 457 1365 Amplexum
484 1326 547 1358 Dei
570 1325 702 1365 sophiae

312 1373 427 1405 Trahit
454 1373 496 1405 ad
521 1382 556 1404 se
582 1373 723 1409 caelitus,

313 1421 418 1461 Fugat
441 1421 563 1452 hostem
588 1420 732 1460 penitus;

198 1467 234 1499 V.
268 1467 408 1499 Plaudat
433 1467 544 1499 chorus
571 1468 740 1498 electorum

267 1514 460 1554 virginalem
485 1518 559 1546 ante
581 1515 706 1546 thorum

312 1562 460 1594 Ornatum
489 1562 651 1594 divinitus.

326 1705 373 1736 In
400 1705 432 1738 3.
458 1703 515 1735 No
528 1706 688 1737 cturno.

417 1787 612 1823 Antiphonae.

837 138 880 173 65

1103 235 1308 271 Responsoria.

902 292 933 324 1.
960 293 1052 332 Aqua
1075 293 1230 331 praebens

1008 340 1247 372 amaritudinem

959 385 1058 426 Ligno
1080 395 1182 418 merso

1004 433 1184 472 praedulcis
1208 434 1336 474 bibitur,

960 480 1031 512 Olla
1053 479 1157 513 ferens

1002 527 1112 558 mortis
1136 528 1303 567 imaginem

958 574 1019 605 Per
1048 572 1181 606 farinam

1004 620 1139 652 salubris
1163 621 1320 661 redditur,

958 665 1010 697 Sic
1034 669 1162 705 potatur

1003 714 1137 745 mundus
1163 717 1194 745 et
1217 716 1378 756 pascitur;

887 760 923 791 V.
954 759 1043 791 Haeo
1068 764 1115 791 est
1140 761 1239 801 virgo,

1004 807 1043 838 de
1072 815 1134 845 qua
1159 807 1322 839 conficitur

954 853 1125 896 Medicina,

1002 909 1063 939 qua
1091 909 1165 932 vere
1190 901 1317 932 vivitur.

954 956 1051 995 Virga
1076 956 1196 989 donans
1222 956 1329 988 favum
1353 957 1455 988 mellis

954 1003 1046 1034 Adae
1070 1005 1161 1041 pulso
1185 1013 1291 1035 morsu
1316 1003 1399 1035 fellis

999 1049 1094 1080 Lucis
1121 1051 1176 1082 dat
1199 1051 1321 1093 solatia,

953 1096 1062 1127 Hostis
1089 1097 1150 1128 diri
1176 1098 1266 1129 victis
1292 1097 1385 1128 bellis

950 1142 1016 1173 Nos
1039 1142 1072 1173 in
1098 1152 1176 1182 pace
1200 1145 1282 1175 locat
1309 1144 1408 1181 cellis,

999 1188 1064 1221 Ubi
1093 1198 1169 1221 vera
1193 1191 1317 1230 gaudia,

998 1235 1062 1267 Ubi
1087 1236 1156 1268 laus
1182 1240 1212 1268 et
1237 1237 1346 1276 gloria.

948 1283 1054 1322 Flore,
1080 1281 1185 1314 fructu
1212 1282 1312 1315 dulcis
1334 1285 1407 1316 vitis

951 1329 1057 1361 Botris
1083 1330 1155 1362 divo
1180 1339 1253 1362 rore
1277 1331 1344 1362 litis

997 1376 1109 1409 Cordis
1135 1377 1222 1418 fugat
1247 1378 1363 1411 tristia.

917 1458 922 1463 .
951 1433 1028 1464 Veri
1052 1433 1127 1465 solis

996 1480 1112 1512 amicta
1136 1482 1244 1523 pallio,

946 1527 1037 1559 Luna
1059 1528 1153 1566 plena

993 1574 1051 1605 sub
1076 1576 1159 1614 pede
1183 1574 1344 1614 sternitur,

945 1622 1098 1653 Duodeno

993 1669 1156 1701 stellarum
1181 1669 1271 1700 radio

947 1715 1050 1754 Caput
1074 1724 1189 1748 ornans

995 1770 1110 1794 corona
1132 1763 1295 1803 plectitur,

946 1810 1047 1849 Super
1072 1812 1185 1841 cuncta

992 1857 1137 1896 praelata
1163 1857 1311 1897 cernitur,

943 1904 1029 1936 Rosa
1053 1903 1180 1943 rubens,

993 1951 1106 1983 cedrus
1131 1952 1315 1989 munditiae,

946 1999 1055 2030 Palma
1078 2000 1195 2039 virens,

992 2054 1158 2086 cypressus
1184 2047 1315 2087 gratiae.

205 1857 235 1889 1.
264 1856 393 1888 Homini
421 1856 474 1888 dat
501 1858 533 1886 et
553 1855 704 1895 Jumentis

310 1904 439 1935 Pastum
466 1903 553 1943 virgo
579 1903 675 1943 regia,
876 1905 912 1937 V.

261 1951 345 1983 Dum
367 1951 462 1990 justis
488 1951 591 1991 gratia
614 1950 739 1992 mentis,

309 1999 385 2030 Reis
414 1998 508 2030 datur
534 1998 635 2030 venia.

204 2057 234 2088 2.
261 2055 389 2095 Hydria
415 2054 551 2087 farinam
575 2058 703 2095 gestans

308 2104 425 2135 Panem
452 2112 559 2134 verum
587 2101 721 2144 conficit,

259 2150 452 2190 Angelorum
478 2150 574 2182 vitam
601 2151 768 2189 praestans

308 2197 370 2229 Cor
394 2197 513 2231 virtute
538 2195 675 2236 perficit.

205 2255 236 2286 3.
263 2253 447 2285 Bethlehem
476 2254 613 2285 cisterna
637 2255 750 2291 patens
888 2254 917 2285 1,

311 2301 421 2332 Potum
447 2301 532 2332 vitae
556 2299 678 2342 tribuit,
989 2300 1049 2332 Dei
1074 2302 1205 2333 verbum
1227 2300 1404 2342 proferens,

262 2347 327 2385 Quo
354 2348 424 2379 sitis
448 2348 573 2387 peccati
596 2348 699 2378 latens
944 2347 1062 2379 Locum
1086 2351 1184 2380 mutet
1206 2348 1267 2380 Dei
1291 2348 1385 2379 turba

308 2394 348 2425 Et
374 2393 482 2427 fervor
504 2394 665 2429 emarcuit.
992 2395 1119 2428 Caelum
1144 2396 1261 2427 mundo
1286 2394 1480 2435 praeferens.

246 2453 360 2476 Dreves
370 2469 376 2480 ,
393 2452 514 2477 Historiae
529 2452 681 2480 rhythmicae.
711 2452 752 2476 IV.
1308 2450 1325 2480 5

1034 2130 1081 2161 ln
1107 2131 1337 2164 Laudibus„

1087 2201 1283 2237 Antiphonae.

944 2253 1019 2284 Alte
1044 2257 1134 2286 sonat
1159 2263 1251 2286 sacra
1276 2254 1352 2285 tuba
