1652 2615
169 207 200 237 2.
226 205 343 237 Caesus
367 207 404 235 ut
426 202 579 241 educitur,

226 252 344 290 Populo
370 249 552 290 ostenditur,

224 298 277 329 Fit
302 300 403 329 mater
425 299 460 327 ut
486 298 625 327 emortua

227 344 379 376 clamoris
402 346 489 374 mota
511 341 603 373 furia.

172 423 203 452 3.
229 418 322 457 Ecce,
347 415 504 448 mirabilia

272 464 356 495 Deus
380 464 495 502 quanta
516 460 603 497 fecit,

227 511 307 542 Dum
330 511 519 549 prostratum
546 507 699 538 hominem

272 556 423 595 sanguine
447 553 576 594 refecit3

229 603 392 634 Pelicanus
416 601 558 638 moritur,

230 649 335 681 Pullus
360 648 406 679 sic
430 646 579 680 reficitur.

358 740 566 774 Responsoria.

175 800 205 831 l.
231 798 346 830 Gratas
369 796 525 836 lacrimas,

275 844 389 882 Mater,
415 845 449 873 tu
475 840 595 882 fudisti,

232 891 348 928 Salms,
373 898 479 931 puras,
507 887 633 930 calidas,

279 935 360 968 Fixa
385 936 457 967 dum
481 934 597 966 stetisti

232 984 269 1015 ln
289 981 445 1021 Golgotha
470 982 549 1012 colle

279 1029 331 1061 Ad
356 1027 467 1059 faeiem
491 1027 637 1065 Messiae,

234 1075 462 1116 Supplieamus,
486 1074 649 1113 impertire

280 1121 346 1153 Has
370 1120 460 1152 nobis
485 1121 546 1159 pie.

165 1169 203 1202 V.
235 1169 323 1200 Intra
348 1167 520 1199 cubiculum

282 1214 357 1245 Veri
382 1213 554 1246 Salomonis

237 1259 332 1292 Refer
357 1260 594 1299 chirographum

285 1306 507 1338 Relaxationis

181 1383 212 1416 2.
240 1381 357 1413 Celsior
380 1383 551 1419 martyrum

285 1427 409 1465 Martyr
433 1429 536 1458 mente
559 1428 622 1457 stat
644 1434 758 1458 corona

240 1474 430 1512 Exspirante
452 1473 585 1504 Domino

287 1519 359 1552 Diei
382 1520 459 1551 hora
482 1527 582 1557 nonar,

242 1566 355 1605 Sperat
377 1565 621 1605 redempturum,

242 1613 360 1644 Horret
381 1612 574 1649 moriturum,

240 1659 334 1691 Gerit,
356 1659 402 1689 sic
426 1658 594 1691 contraria.

173 1707 212 1738 V.
244 1706 368 1738 Gaudet
390 1705 522 1737 victoria

289 1752 425 1785 Caelitus
451 1752 571 1790 edocta,

246 1799 361 1830 Horret
387 1798 573 1839 supplicium

290 1846 408 1877 Amore
434 1845 571 1876 decocta.

189 1923 220 1955 3.
246 1920 354 1959 Virgo,
378 1919 463 1950 salus
488 1926 545 1957 per
571 1919 602 1948 te
628 1917 731 1957 datur,

246 1967 307 1998 Per
331 1968 364 1997 te
386 1965 484 1997 hostis
509 1963 729 2004 triumphatur,

248 2013 307 2051 Da,
332 2016 368 2043 ut
392 2012 491 2043 Deum
517 2011 738 2052 collaudemus,

247 2060 309 2092 Per
332 2062 364 2090 te
385 2058 505 2090 hostem
531 2066 722 2097 superemus,

249 2106 329 2138 Nam
353 2105 498 2145 planctus
510 2104 574 2142 jam
591 2105 623 2135 in
645 2105 791 2144 gaudium

252 2154 426 2186 Conversus
452 2154 499 2182 est
521 2160 579 2189 per
603 2150 709 2183 filium.

179 2201 219 2233 V.
248 2199 349 2231 Nobis
375 2201 460 2230 tactu
484 2197 626 2229 fimbriae

249 2245 400 2279 Mundari
423 2255 442 2277 a
465 2244 602 2284 peccatis

252 2291 366 2326 Confer
390 2301 427 2324 ac
450 2300 574 2330 semper
598 2289 684 2323 refici

250 2340 350 2374 Melle
374 2337 510 2372 deitatis.

1001 201 1062 234 Ad
1086 201 1262 234 Laudes.

1036 283 1231 319 Antiphonae.

864 375 871 381 .
897 350 1054 381 Diadema
1076 351 1219 388 spineum

941 396 1049 426 intulit
1072 395 1212 427 dolorem

895 442 1102 473 Reverendae
1129 442 1252 482 virgini,

947 489 1019 520 dum
1045 489 1145 520 traxit
1169 497 1311 520 cruorem

897 534 1035 566 Messiae
1059 534 1100 566 de
1122 535 1244 567 vertice

944 582 1048 621 regnis
1074 582 1236 615 cariorem.

865 691 871 699 .
898 666 1030 697 Pastore
1052 674 1203 706 percusso

900 712 1063 752 Gregeque
1089 714 1231 752 disperso

900 760 988 791 Haec
1010 768 1153 792 maerens
1180 769 1247 792 cum
1275 761 1430 800 discipulo

899 807 1009 839 Crucis
1034 806 1141 839 adstat
1163 807 1316 846 patibulo.

866 918 871 923 .
898 890 958 922 Tui
982 890 1092 930 probri
1117 899 1270 923 memores

946 937 1067 969 Mundo
1091 938 1277 978 moriantur,

902 984 1027 1025 Vivant,
1052 987 1163 1024 mater,
1189 984 1258 1027 tibi,

947 1030 990 1062 Ut
1015 1030 1241 1063 benedicantur

901 1078 997 1110 Sacro
1022 1086 1060 1109 ac
1082 1076 1209 1110 fiamine

948 1124 1078 1164 Semper
1102 1125 1293 1164 repleantur.

870 1234 877 1241 .
904 1208 1088 1239 Benedicite
1111 1208 1257 1248 Domino,

951 1254 1062 1286 Omnia
1089 1257 1205 1295 creata,

903 1301 1041 1332 Exstans
1067 1301 1193 1333 deserta
1216 1311 1347 1341 quoque,

951 1348 1030 1387 Ave,
1056 1347 1143 1388 virgo
1167 1348 1269 1381 beata.

874 1459 879 1464 .
907 1432 930 1464 O
952 1434 1061 1462 sancta
1085 1432 1258 1473 theotocos,

955 1480 987 1508 tu
1010 1477 1192 1510 interiorem

908 1525 1074 1556 Hominem
1097 1525 1227 1564 irradia,

958 1571 998 1602 da
1024 1572 1110 1602 carni
1135 1572 1283 1611 vigorem,

912 1617 1076 1649 Collaudet
1099 1621 1133 1649 ut
1157 1621 1323 1660 utrumque

956 1673 1045 1696 suum
1071 1668 1253 1698 creatorem.

1023 1757 1068 1785 Ad
1093 1758 1275 1786 Benedictus.

877 1851 883 1857 .
913 1824 1070 1855 Aeternus
1094 1823 1181 1857 Deus
1205 1826 1316 1865 Israel,

962 1870 1101 1909 Corpore
1125 1869 1272 1914 afflictus,

916 1916 1086 1948 Nobiscum
1109 1926 1147 1949 ac
1170 1918 1325 1950 Emanuel

964 1963 1095 2003 Semper
1119 1964 1314 2005 benedictus,

918 2010 977 2048 Qui
1002 2010 1075 2041 tulit
1098 2020 1154 2043 nos
1179 2020 1198 2043 a
1221 2012 1360 2045 tenebris

965 2056 1059 2088 Cruci
1083 2058 1293 2099 conclavatus,

918 2104 1001 2135 Dum
1026 2104 1122 2136 rediit
1146 2104 1185 2136 ab
1210 2105 1321 2138 inferis

965 2151 1003 2182 1n
1029 2152 1148 2183 caelum
1174 2152 1333 2193 elevatus,

919 2198 968 2230 Sit
991 2197 1181 2238 hyperdulia
1202 2200 1296 2240 digna

964 2245 1062 2284 Virgo
1088 2245 1264 2286 benedicta,

918 2292 1056 2324 Messiae
1079 2301 1194 2331 parens
1218 2295 1364 2337 benigna,

963 2338 1060 2372 Varie
1083 2337 1211 2375 afflicta.
