1652 2615
689 131 943 159 -ΙὸΖ-

301 221 345 253 In
370 221 399 253 1.
426 220 652 253 Notatur-no,

386 284 578 320 Antiphonae.

188 342 222 375 1.
248 342 363 374 Sancta
389 340 451 372 Dei
474 340 576 380 gaude

292 387 433 428 genetrix
446 387 538 424 vitae,
556 386 648 417 modo
660 385 786 427 plaude,

243 434 329 465 Mira
351 434 518 473 prophetia

290 481 393 519 pariet
417 481 471 510 tua
493 479 593 520 signa,
618 477 732 510 Maria.

184 537 216 568 2.
243 535 413 574 Orbivagos
437 534 528 566 orbes

290 590 364 621 rege
387 589 520 621 semper,
546 588 622 612 vera
643 579 763 621 sophia,

242 627 387 667 Ipsorum
411 628 536 659 morbos

295 673 428 713 depelle,
457 671 592 713 benigna
613 672 728 704 Maria.

189 731 221 763 3.
245 730 317 762 Vox
329 729 486 762 Gabrielis
510 728 574 760 fert
595 737 678 760 nova
692 726 789 758 caelis

290 776 513 815 Emmanuelis,

243 822 336 854 Mons
360 821 502 854 Danielis
527 823 559 851 et
580 820 757 852 Ezechielis

290 872 391 907 porta,
416 868 530 900 Maria.

376 941 580 976 Responsoria.

195 998 226 1031 1.
252 998 368 1041 Psalle,
395 1000 550 1039 coronata,

297 1045 336 1076 de
360 1045 459 1083 stirpe
483 1043 588 1075 David
612 1046 770 1083 generata,

250 1091 374 1123 Nobilis
400 1093 430 1120 et
455 1093 553 1131 grata,

300 1145 381 1169 nova
405 1137 516 1175 stella,
545 1139 656 1168 vocata
679 1135 793 1175 Maria,

178 1184 219 1216 V.
250 1184 381 1222 Templo
407 1182 530 1221 collata,

298 1228 433 1260 Domino
457 1230 581 1259 sacrata
602 1227 717 1259 Maria.

195 1286 226 1317 2.
252 1284 373 1322 Ambis,
399 1284 496 1322 virgo,
523 1283 632 1318 virum,

303 1331 439 1361 testante
462 1338 519 1368 per
543 1328 680 1361 Jeremia

254 1376 417 1408 Caelorum
440 1384 549 1415 gyrum

303 1423 354 1461 qui
381 1422 498 1464 circuit,
526 1421 608 1453 alma
632 1422 754 1462 Maria3

183 1469 223 1503 V.
254 1468 307 1500 Sic
333 1468 503 1500 thalamum
527 1468 639 1499 mirum

301 1516 386 1546 locat
407 1514 441 1545 in
464 1517 506 1556 te,
533 1517 619 1545 casta
641 1514 755 1547 Maria.

198 1573 230 1605 3.
256 1571 363 1602 Nubet
386 1570 447 1601 vim
473 1570 553 1601 roris

302 1624 429 1656 germen
454 1616 508 1647 dat
532 1616 623 1648 vinea
646 1616 762 1656 odoris,

254 1663 338 1694 Dum
358 1671 488 1703 generas
511 1670 615 1701 regem

303 1718 421 1749 regum,
446 1710 589 1747 speciosa
611 1709 725 1749 Maria,

185 1757 226 1789 V.
255 1755 466 1787 Transcendis
490 1755 590 1794 legem

304 1805 438 1833 matrum
462 1801 624 1841 pariendo,
646 1801 759 1835 Maria.

318 1895 367 1926 In
393 1895 423 1926 2.
449 1894 674 1927 Nocturno.

398 1958 590 1993 Antiphonae.

200 2016 233 2049 1.
260 2015 387 2046 Thurea
404 2015 525 2054 cellula,
543 2014 564 2046 J
566 2022 653 2047 essea
669 2015 800 2055 virgula,

308 2060 410 2101 gratia
435 2061 495 2102 dia,

259 2108 360 2148 Regia
383 2106 457 2145 filia,
485 2107 549 2139 fers
573 2116 655 2139 nova
678 2108 755 2147 lilia,

307 2162 387 2194 pura
409 2153 524 2186 Maria.

204 2212 237 2244 2.
261 2210 380 2242 Forma
404 2208 538 2249 decoris,
562 2207 661 2249 flagei·
678 2210 804 2250 amoris,

309 2255 417 2296 fragor
441 2256 556 2294 odoris,

258 2303 380 2335 Norma
393 2303 533 2342 pudoris,
563 2302 654 2336 dulce
667 2303 804 2341 stuporis

304 2358 428 2388 manna,
454 2349 567 2382 Maria.

858 218 888 249 3.
916 217 940 249 Ο
964 225 1035 249 rosa
1060 217 1211 257 virginea,

964 263 1079 294 dantur
1103 263 1162 294 tibi
1187 271 1265 293 cara
1285 261 1409 294 Sabaea

913 309 1014 349 Regia
1039 309 1121 340 dona
1144 308 1216 347 tria,

962 364 1081 396 aurum,
1096 356 1178 394 thus,
1193 353 1332 393 myrrha,
1347 352 1462 384 Maria.

1051 427 1257 462 Respousoria.

858 484 888 516 1.
914 482 953 516 In
977 484 1095 522 templo
1119 484 1218 515 solem

962 531 1017 562 lux
1042 529 1146 571 offers,
1171 528 1239 561 filia
1261 529 1395 568 prolem,

916 577 971 609 Sol
993 576 1085 615 fugiS,
1113 585 1188 608 arca
1211 575 1309 613 redis,

962 624 1051 663 prius
1077 625 1109 654 et
1123 624 1197 662 post
1213 622 1312 664 virgo,
1338 620 1460 662 Maria,

844 669 882 702 V.
914 668 990 702 Cum
1016 671 1067 700 eat
1091 678 1130 700 ex
1153 668 1271 700 munda

961 725 1019 748 rex
1043 716 1139 755 unda,
1165 715 1282 755 plaude
1306 714 1422 749 Maria.

857 773 889 804 2.
915 772 954 804 In
978 779 1070 803 eruce
1093 770 1241 810 pallescit

963 818 1117 857 Christus,
1142 817 1306 850 moriendo
1323 816 1464 856 rigescit,

921 864 1043 896 Clamat
1068 867 1099 895 et
1122 864 1265 903 indulget

965 913 998 942 te
1023 911 1240 951 compatiente,
1266 910 1388 948 Maria3

850 958 888 989 V.
919 957 1004 989 Ordo
1029 966 1127 988 novus
1151 956 1252 995 fulget

969 1003 1092 1035 Christo
1120 1005 1276 1043 surgente,
1301 1002 1417 1034 Maria.

864 1061 895 1092 3.
922 1060 1083 1090 Victorem
1105 1058 1217 1090 mortis

966 1106 1000 1137 in
1025 1105 1104 1136 caeli
1129 1104 1283 1143 conspicis
1307 1104 1417 1145 hortis,

920 1151 1058 1190 Lampas
1083 1151 1215 1193 siderea,

969 1198 1093 1230 virtutis
1117 1198 1199 1238 idea,
1225 1197 1347 1236 Maria3

852 1244 891 1275 V.
922 1244 988 1276 Nos
1014 1243 1062 1275 fer
1085 1244 1126 1275 ad
1151 1243 1300 1275 aetherea

970 1298 1163 1330 superorum,
1195 1289 1282 1329 virgo
1306 1289 1421 1321 Maria.

986 1422 1031 1453 In
1057 1420 1340 1453 3.Noctu1·no.

1067 1493 1259 1529 Antiphonae.

866 1551 897 1583 1.
922 1551 1023 1590 Regia
1045 1551 1163 1593 regina,

972 1598 1083 1629 maesti
1108 1598 1212 1629 cordis
1236 1598 1403 1639 medicina,

924 1644 1047 1675 Nexum
1071 1645 1257 1683 perplexum

970 1690 1073 1722 sordis
1097 1691 1269 1731 disrumpe,
1291 1691 1407 1723 Maria.

872 1747 902 1777 2.
928 1746 990 1777 Hic
1016 1746 1164 1778 desolatis

975 1792 1113 1832 cognatis
1143 1792 1213 1824 fons
1239 1793 1378 1835 pietatis,

927 1839 989 1870 Per
1013 1843 1053 1880 te,
1080 1839 1168 1879 virgo
1195 1840 1258 1879 pia,

977 1885 1038 1916 Dei
1055 1885 1170 1916 almum
1186 1894 1332 1925 pneuma,
1356 1886 1476 1921 Maria.

873 1941 903 1973 3.
929 1940 1043 1972 Dulcia
1054 1939 1192 1980 flumina,
1206 1950 1297 1976 sacra
1305 1943 1475 1986 volumina,

976 1988 1084 2018 clausa
1105 1988 1219 2027 sigilla,

925 2033 1066 2073 Fulgida
1076 2034 1205 2072 lumina,
1221 2034 1302 2066 caeli
1314 2036 1479 2069 cacumina

975 2080 1090 2119 pande,
1115 2081 1231 2114 Maria.

1065 2154 1270 2190 Responsoria.

874 2211 907 2244 1.
932 2211 1065 2243 Actibus
1090 2219 1128 2242 ex
1154 2211 1247 2243 claris

979 2266 1038 2298 per
1062 2259 1188 2290 saecula
1211 2258 1299 2290 mille
1321 2260 1438 2301 bearis,

931 2304 1069 2336 Pulchra
1092 2305 1179 2336 velut
1201 2305 1278 2337 luna

981 2350 1093 2384 rutilas
1116 2351 1302 2385 mortalibus
1325 2363 1400 2394 una,
