1652 2615
256 207 473 248 introgressus

304 255 394 287 solve
417 255 578 295 piaculum

256 301 317 332 Tui
342 301 455 344 gregiS‚

305 348 358 387 qui
383 348 443 380 tibi
467 349 623 381 tinnulum

250 393 361 435 Solvit,
389 404 471 437 ecce,

304 443 439 475 melodis
464 443 600 477 titulum.

323 537 385 569 Ad
409 536 674 570 Matutinum.

389 612 605 639 Invitatorium.

257 670 438 702 Adoremus
462 669 565 700 Deum
590 671 706 701 trinum

304 716 427 752 Cordis,
455 716 519 747 oris
543 717 648 759 latria,

257 763 441 795 Praesulem
465 763 517 802 qui
544 763 754 796 Coelestinum

305 810 443 843 Coronat
465 810 498 841 in
523 811 639 850 patria.

317 952 362 984 In
390 951 421 984 1.
447 950 674 987 Nocturno.

402 1025 597 1061 Antiphonae.

222 1109 230 1116 .
256 1084 382 1115 Vacans
407 1083 470 1123 legi
496 1083 673 1116 divinorum

308 1130 502 1163 Goelestinus
522 1131 641 1171 jugiter

260 1179 390 1218 Sprevit
412 1179 475 1209 iter
498 1177 666 1217 impiorum

304 1225 348 1257 Et
374 1225 549 1257 doctrinam
574 1226 706 1264 pariter.

224 1307 230 1313 .
256 1280 511 1322 Apprehendens
538 1281 737 1321 disciplinam

307 1328 413 1361 Sacris
440 1328 546 1360 datam
570 1328 673 1360 literis

257 1377 401 1409 Montem
426 1374 501 1406 Sion
525 1376 567 1408 ad
593 1376 769 1408 doctrinam

308 1423 430 1463 Lingua
454 1425 548 1454 vocat
572 1423 687 1462 operis,

225 1505 232 1512 .
261 1479 422 1512 Christum
440 1478 581 1518 probans
595 1483 810 1519 susceptorem

303 1527 348 1558 Et
373 1529 468 1567 caput
492 1526 646 1558 ecclesiae

258 1574 416 1606 Arrianae
439 1582 514 1605 mox
538 1582 677 1606 errorem

310 1620 461 1654 Confutat
484 1621 653 1661 nequitiae.

397 1696 604 1731 Responsoria.

228 1781 235 1789 .
261 1755 406 1787 Vernaus
433 1753 518 1784 cultu
541 1753 670 1793 pietatis

308 1802 459 1833 Exsultet
482 1801 621 1832 Aemilia

259 1849 493 1888 Doctoremque
515 1848 659 1879 veritatis

307 1896 435 1928 Laudet
457 1896 491 1927 in
517 1895 660 1936 ecclesia,

257 1944 479 1983 coelestinum,
505 1943 673 1983 pravitatis

305 1992 546 2032 Exstirpantem
570 1990 665 2033 lolia;

220 2066 227 2073 .
257 2040 296 2072 In
321 2038 449 2072 fervore
474 2038 616 2069 caritatis

306 2087 502 2120 Praedicans
527 2085 620 2117 utilia

260 2135 461 2169 Christianae
484 2134 651 2166 suavitatis

307 2184 389 2223 Jugo
415 2181 518 2214 vinxit
542 2181 640 2215 milia.

226 2267 233 2273 .
258 2237 407 2273 Involuta
430 2239 581 2273 vitiorum

307 2288 410 2321 Sorde
435 2288 553 2320 dudum
576 2286 692 2319 Flavia

260 2335 468 2378 Flagellaque
492 2334 676 2367 meritorum

309 2383 411 2417 Causa
435 2382 542 2415 ferens
567 2381 679 2422 gravia

245 2446 372 2472 Dreves,
387 2441 509 2465 Historiae
523 2440 678 2470 rhythmica-e.
706 2440 748 2464 IV.

868 304 906 336 V.

866 800 904 832 V.

803 130 865 148 aot
919 132 966 138 —'

937 207 1109 241 seminanti
1132 207 1322 238 seminorum

985 256 1126 295 Supplex
1150 254 1236 285 venit
1260 253 1362 296 obvia,

941 303 1115 343 objurgata
1140 300 1327 340 populorum

985 349 1110 382 Severis
1135 347 1261 387 ignavia

940 396 1134 429 Coelestinus
1158 394 1383 436 promissorum

985 444 1091 475 Verba
1114 442 1224 473 miscet
1248 441 1365 474 suavia.

904 544 911 550 .
939 520 1133 553 Coelestinus
1160 518 1234 549 dum
1258 517 1403 550 hortatur

982 566 1073 597 Plebi
1098 565 1260 603 salutaria,

940 613 1024 645 Gens
1050 614 1237 651 compuncta
1261 619 1295 642 se
1317 612 1451 642 testatur

983 659 1072 690 Labe
1095 667 1179 689 ream
1205 658 1302 695 varia,

937 704 1039 737 Prece
1064 705 1134 737 fusa
1158 705 1363 744 propulsatur

985 753 1087 784 Pestis
1111 752 1305 791 inguinaria:

936 800 999 839 Sic,
1025 800 1072 832 sic
1096 807 1198 837 poena
1223 800 1443 838 compensatur

986 847 1105 886 Culpae
1129 846 1317 885 necessaria,

938 894 1022 925 Dum
1044 895 1193 933 peccator
1216 891 1395 932 flagellatur

987 941 1087 973 Clade
1110 938 1294 972 multifaria.

997 1082 1043 1113 In
1070 1083 1102 1115 2,
1128 1080 1357 1111 Nocturno.

1082 1153 1277 1188 Antiphonae.

939 1212 1151 1244 Coelestinum
1175 1211 1374 1241 invocantem

984 1257 1160 1290 Exaudivit
1184 1257 1345 1297 Dominus,

938 1306 1023 1338 Dum
1047 1306 1080 1337 in
1105 1303 1201 1344 plebe
1226 1302 1473 1335 debacchantem

986 1354 1072 1386 Iram
1095 1351 1172 1383 tulit
1196 1351 1325 1383 eminus

936 1430 1031 1462 Scuto
1053 1429 1157 1460 bonae
1181 1426 1351 1459 voluntatis

983 1475 1163 1509 Animando
1188 1473 1339 1513 populum

940 1524 1139 1557 Christianae
1158 1521 1286 1561 pietatis

984 1572 1070 1603 Fore
1093 1569 1195 1601 suasit
1219 1568 1386 1600 aemulum.

938 1647 1063 1679 Laudet
1093 1653 1207 1676 nomen
1230 1644 1322 1684 plebs
1349 1644 1489 1676 divinum

986 1692 1111 1725 Celebri
1135 1691 1297 1731 memoria,

939 1741 1069 1773 Honore
1093 1739 1147 1779 qui
1173 1739 1385 1772 Coelestinum

987 1789 1128 1821 Coronat
1152 1788 1184 1817 et
1207 1786 1318 1825 gloria.

1075 1882 1165 1916 Respc
1172 1880 1280 1907 nsoria.

939 1949 1105 1983 Insistenti
1131 1947 1321 1986 disciplinae

986 1997 1096 2030 Plebis
1121 2004 1183 2026 vox
1205 1994 1244 2026 ab
1269 1994 1399 2026 aethere

940 2046 1040 2079 Sonat
1065 2044 1189 2076 dicens:
1219 2041 1406 2080 Coelestine‚

988 2091 1194 2125 Commissum
1220 2087 1271 2121 fac
1295 2098 1442 2129 propere,

937 2140 985 2173 Ut
1007 2148 1084 2180 grex
1108 2138 1190 2170 alter
1214 2146 1234 2168 a
1257 2137 1367 2169 ruinae

986 2188 1126 2220 Vocetur
1149 2185 1273 2217 itinere.

902 2263 909 2271 .
940 2235 1130 2268 Valedieens
1155 2241 1175 2264 a
1200 2231 1362 2263 doctrinae

988 2282 1061 2315 Non
1086 2278 1233 2312 cessabat
1257 2286 1353 2317 opere

941 2330 1099 2369 Plebsque
1120 2327 1248 2367 plorans
1265 2326 1350 2357 hunc
1368 2325 1494 2358 divinae

990 2373 1239 2410 Commendabat
1263 2373 1423 2406 dexterae.

1287 2429 1320 2460 17
