1652 2615
401 222 447 252 Ad
467 225 650 252 Benedictus.
1083 224 1129 252 Ad
1148 225 1325 260 Mag-nificat.

892 283 932 316 A.
962 281 1074 313 Multis
1100 282 1186 321 virgo
1211 281 1301 312 bonis

1009 328 1154 367 implevit
1177 330 1209 358 et
1233 327 1405 358 esurientes

965 374 1101 407 Caelitus
1125 374 1239 407 amoris

1009 421 1169 453 hominum
1215 421 1300 453 cibat
1338 421 1417 452 haec
1456 418 1512 458 pia

1286 469 1417 499 mentes,

211 297 252 330 A.
279 297 418 336 Virginis
443 298 476 329 in
501 300 596 331 laude

328 343 466 382 populus
487 354 545 384 per
563 347 691 378 saecula
705 348 834 390 plaude,

283 388 376 420 Cedit
400 399 488 423 amor
512 391 604 424 fietus

329 435 476 477 Domino,
503 439 556 478 qui
580 440 623 470 sit
637 438 833 472 benedictus.

286 547 373 574 Brev.
395 557 448 576 ms.
471 550 665 577 Cracoviense
686 558 761 577 saec.
778 548 822 576 15.
854 550 923 577 eod.
938 550 1140 585 Jagellonieus
1162 548 1241 577 1257.
1256 565 1292 569 —
1305 550 1346 577 In
1370 548 1394 576 1.
1408 549 1512 583 Vesp.

216 583 255 610 ad
272 584 373 619 Magn.
402 584 440 620 A,
461 585 481 614 4
509 588 541 613 in
568 595 642 622 auge
664 587 770 615 leonis.
792 600 828 606 —-
847 587 889 614 In
914 585 940 613 2.
960 587 1061 614 Boot.
1087 585 1110 613 A
1131 586 1160 622 2,
1182 585 1199 615 3
1223 588 1303 615 Laus
1327 588 1451 614 narrate.
1477 598 1514 603 —

218 618 239 646 R
263 619 288 655 1,
310 620 327 647 2
347 630 438 657 parvo
460 624 577 659 gaudia.
597 639 634 643 —
654 624 696 651 In
715 621 742 651 3.
762 624 867 651 Noet.
889 622 912 650 A
933 621 959 656 3,
981 622 1001 650 4
1019 625 1141 659 patrius.

629 774 675 804 63.
709 774 751 805 De
772 775 883 805 sancta
903 773 1086 813 Agrippina,

345 871 392 902 In
419 872 451 904 1.
478 871 695 911 VesperiS.

392 953 484 990 Super
503 955 645 982 Psalmos.

207 1021 248 1053 A.
281 1021 461 1061 Agrippina
484 1022 548 1060 pia,

327 1076 407 1106 quae
427 1069 519 1107 jungi
542 1069 746 1107 promeruisti

278 1114 407 1153 Agmini
429 1115 580 1155 virgineo,

327 1161 400 1192 dum
424 1162 542 1193 mundo
567 1161 732 1193 subdimur
755 1162 810 1192 isti

276 1205 458 1239 Fraudibus
479 1208 602 1250 imbuti,

326 1253 485 1286 Christum
511 1255 678 1294 dignanter
702 1253 810 1297 adora,

279 1299 425 1332 Criminis
450 1306 485 1332 ut
508 1301 609 1333 nostri

324 1347 458 1379 vitemus
483 1348 578 1379 noxia
602 1348 681 1379 lora.

395 1447 441 1476 Ad
459 1449 637 1485 Magnificat.

237 1539 244 1546 .
275 1515 443 1554 Virgineus
470 1519 576 1548 coetus

323 1566 355 1593 te
377 1562 497 1603 laudat,
525 1563 614 1603 virgo
639 1562 742 1603 beata,

274 1608 357 1640 Nam
382 1610 455 1648 quia
479 1613 514 1641 tu
537 1610 689 1641 mundum

321 1658 473 1695 sprevisti
497 1666 559 1688 non
583 1656 753 1697 labefacta,

273 1703 463 1745 Agrippina,
490 1707 560 1735 tuos

321 1748 456 1782 famulos
483 1749 630 1789 defende,
657 1749 808 1790 guberna,

275 1797 408 1836 Porrige
431 1799 467 1828 tu
491 1797 615 1828 miseris

322 1844 472 1883 solamen,
501 1845 584 1876 dona
608 1844 744 1883 quietem

273 1890 400 1933 Lapsis‚
428 1894 463 1922 tu
487 1894 612 1923 nostros

323 1938 456 1970 miserta
481 1939 583 1979 dirige
609 1939 716 1970 calles.

339 2080 369 2111 A
383 2079 403 2111 d
425 2080 692 2112 Matutinum.

403 2163 620 2191 Invitatorium.

271 2229 431 2262 Summum
459 2233 622 2270 pastorem

317 2277 421 2309 cuncti
446 2280 631 2310 reverenter
655 2285 791 2319 oremuS‚

271 2323 335 2362 Quo
359 2323 540 2365 Agrippina
564 2333 656 2357 sacra

318 2370 493 2410 virginibus
519 2372 702 2405 associatur.

1019 861 1065 893 In
1092 864 1122 895 1.
1150 862 1373 895 Nocturno.

1100 936 1294 972 Antiphonae.

926 1017 933 1024 .
959 992 1048 1024 Haec
1073 997 1121 1024 est
1145 994 1232 1033 virgo
1255 994 1318 1033 pia,

1007 1047 1087 1078 quae
1113 1039 1237 1071 Christo
1269 1041 1401 1071 contulit
1425 1041 1508 1072 ultro

958 1085 1148 1124 Martyrium
1162 1095 1280 1129 verum,

1009 1132 1136 1171 dignum
1160 1133 1310 1164 libamine
1335 1142 1435 1166 sacro.

923 1212 930 1219 .
956 1187 1110 1219 Mundum
1136 1197 1206 1219 eum
1229 1189 1353 1227 pompis

1006 1234 1151 1273 despexit
1180 1235 1266 1274 virgo
1290 1235 1392 1275 beuta,

955 1280 1104 1312 Aetheris
1130 1282 1172 1313 ad
1196 1282 1262 1312 alta

1004 1329 1146 1366 perrexit
1171 1328 1259 1368 virgo
1284 1330 1418 1361 saerata.

924 1410 930 1417 .
957 1383 1115 1423 Martyrio
1140 1392 1231 1415 sacro

1004 1430 1119 1469 vicisti,
1147 1431 1195 1461 cui
1216 1431 1366 1469 placuisti

956 1476 1147 1509 Vulneribus
1172 1478 1301 1520 sanetis,

1003 1525 1153 1563 sprevisti
1176 1525 1274 1556 verba
1297 1524 1456 1556 minantis.

1091 1599 1296 1635 Responsoria.

921 1681 929 1688 .
955 1655 1038 1686 Dum
1063 1659 1168 1687 manet
1193 1656 1225 1687 in
1251 1665 1331 1695 pura

1000 1702 1116 1734 mundo
1143 1711 1213 1734 cum
1238 1703 1429 1742 virginitate,

955 1749 1135 1788 Agrippina
1158 1748 1222 1781 fide

1003 1797 1178 1834 permansit
1199 1805 1259 1828 non
1285 1794 1455 1836 labefacta,

955 1843 1115 1875 Accusata.
1139 1846 1245 1874 tamen

1001 1899 1114 1930 magno
1140 1893 1263 1922 terrore
1287 1890 1407 1932 relicta,

956 1937 1140 1969 Concutitur
1164 1937 1259 1969 nullis

1000 1984 1168 2016 verborum
1192 1984 1322 2016 vocibus
1347 1984 1412 2015 illa.

917 2058 924 2065 .
954 2031 1103 2063 Vestibus
1130 2034 1224 2064 exuta

997 2080 1164 2118 torquetur
1188 2079 1278 2119 virgo
1303 2078 1397 2109 beata

953 2125 1114 2168 Fustibus,
1142 2126 1292 2166 angelicis

1000 2172 1144 2205 manibus
1168 2172 1229 2207 fuit
1249 2173 1312 2204 ista
1336 2172 1449 2205 soluta.

951 2229 1133 2269 Virgineum
1158 2238 1271 2268 corpus

999 2276 1073 2307 dum
1097 2279 1226 2316 portant
1250 2276 1345 2306 litore
1370 2275 1423 2305 citi

951 2323 1107 2355 Fluminis
1132 2332 1170 2354 ae
1194 2323 1347 2354 Paramon

998 2370 1169 2401 monachus
1195 2369 1289 2402 simul
1312 2369 1486 2409 Agatonita
