1652 2615
56 111 897 146 -ῄ--Ἧῡ

278 202 338 241 Qui
362 202 424 234 hac
449 204 501 236 die
524 206 618 244 pulsa
641 207 727 239 tristi

327 249 439 281 Carnis
464 252 608 284 molestia

278 296 438 328 Evocatus
463 307 540 330 voce
567 299 683 332 Christi

327 342 460 376 Scandit
485 346 643 381 caelestia.

349 485 393 517 In
419 487 449 520 2.
473 487 688 527 vesperis.

402 559 449 587 Ad
467 560 645 597 Mag-nificat.

207 616 246 647 A.
279 616 459 660 Magnifica,

325 664 471 705 Mantua,
496 665 675 708 Dominum,

279 710 477 751 Largitorem

329 758 441 790 salutis
466 759 637 801 hominum,

281 805 451 837 Coelestini
889 808 929 840 A.

326 853 380 892 qui
405 853 530 894 glebam
555 853 674 886 funeris

280 899 353 931 Tibi
377 900 465 931 misit

325 947 359 978 in
383 947 507 987 signum
532 946 681 988 foederis,

281 993 364 1025 Nam
390 997 534 1035 ereptum

327 1044 491 1080 raptorum
515 1042 659 1074 manibus

279 1088 356 1120 Tuis
384 1088 473 1120 dedit

330 1135 527 1167 condendum
554 1135 727 1168 moenibus

1035 208 1112 239 Per
1137 206 1347 239 Octavam.

1107 279 1152 306 Ad
1171 279 1296 307 Laudes.

887 339 928 372 A.
956 339 1049 370 Alme
1072 337 1199 380 praesul
1224 336 1410 376 Goelestine,

1005 385 1088 418 Civis
1115 384 1193 416 caeli
1219 384 1333 423 curiae,

960 432 1036 464 Vita
1059 431 1168 463 fruens
1194 430 1313 470 absque
1336 429 1399 462 fine

1006 480 1079 512 Jam
1105 486 1218 517 expers
1243 477 1397 520 miseriae,

960 525 1080 558 Laudis
1105 524 1163 556 tibi
1190 525 1362 556 matutinae

1010 574 1143 606 Carmen
1168 572 1228 603 hoc
1252 571 1393 603 laetitiae

962 620 1180 652 Persolventes
1206 617 1258 650 fac
1283 619 1409 650 divinae

1008 667 1075 699 Nos
1101 668 1260 697 consortes
1285 665 1413 705 gloriae.

1095 750 1131 777 In
1151 749 1297 785 Vesperis.

960 808 1172 839 Recensentes
1198 806 1367 838 Coelestini

1007 855 1130 886 Titulos
1154 854 1323 885 memoriae

963 902 1072 934 Cultus
1097 900 1167 931 vice
1190 901 1365 939 vespertini

1008 948 1111 980 Melos
1138 948 1246 979 demus
1271 947 1399 987 gloriae,

962 994 1056 1027 Genti
1081 994 1134 1035 qui
1158 994 1356 1025 Aemilianae

1008 1041 1200 1073 Praedicans
1227 1041 1370 1072 censorie

961 1087 1136 1121 Pravitatis
1161 1088 1320 1119 Arrianae

1008 1135 1096 1166 Tulit
1119 1143 1211 1174 zyma
1235 1134 1366 1167 scoriae.

287 1209 406 1245 Antiph.
427 1218 479 1237 ms.
500 1209 693 1237 Mantuanum
723 1216 798 1236 saec.
822 1206 865 1235 15.
900 1208 969 1237 God.
991 1208 1086 1243 Capit.
1105 1208 1257 1235 Mantuan.
1277 1208 1305 1235 J.
1325 1208 1359 1235 A.
1374 1224 1411 1228 -
1424 1208 1508 1235 Brev.

209 1256 261 1274 ms.
289 1247 483 1274 Mantuanum
512 1255 587 1274 saec.
616 1245 659 1274 15.
700 1246 769 1274 Cod.
790 1246 879 1274 Univ.
905 1246 1008 1273 PataV.
1029 1244 1093 1274 734.
1114 1246 1147 1273 B.
1169 1260 1205 1264 —
1224 1246 1266 1272 In
1290 1243 1313 1272 1.
1335 1246 1436 1281 Vesp.
1469 1254 1486 1273 a

209 1285 258 1312 Ma
280 1294 308 1311 n.
329 1283 361 1318 Α,
384 1282 420 1312 10
440 1285 495 1312 tibi
518 1285 666 1312 cumulum
685 1284 718 1311 B.
740 1298 777 1302 —
798 1284 842 1311 In
862 1282 888 1310 2.
908 1284 1010 1311 Noct.
1032 1282 1054 1310 Α
1075 1282 1101 1317 3,
1125 1282 1139 1310 1
1161 1284 1276 1319 Fugens
1296 1284 1409 1310 lucrum
1428 1283 1461 1310 B.
1475 1297 1514 1301 —

210 1320 231 1348 R
253 1294 287 1355 ξ,
312 1320 345 1349 10
372 1322 490 1349 discidii
515 1323 575 1350 AB.
603 1336 642 1341 -
671 1322 716 1349 In
743 1319 769 1349 3.
795 1322 893 1349 Noct.
921 1319 940 1347 R
966 1319 984 1348 3
1005 1322 1178 1358 Reimprosa
1203 1321 1262 1348 und
1292 1321 1327 1348 de
1354 1322 1511 1348 communi:

210 1359 317 1387 Sancte
332 1360 505 1395 Coelestine,
529 1359 638 1387 Christi
659 1359 807 1387 confessor
827 1359 1005 1394 dignissime,
1027 1360 1096 1387 audi
1113 1361 1249 1395 rogantes
1263 1359 1393 1386 servulos
1409 1360 1463 1385 etc.
1475 1374 1484 1378 -

209 1398 266 1425 Per
287 1397 428 1425 Octavam
451 1396 497 1423 ΑΑ
518 1398 616 1425 fehlen
635 1398 669 1424 Β.
691 1412 726 1415 -
741 1398 799 1424 Die
818 1397 880 1424 drei
900 1406 967 1424 zum
987 1396 1121 1425 Officium
1140 1397 1299 1433 geborigen
1312 1396 1449 1431 Hymnen
1462 1396 1511 1423 cfr.

209 1435 295 1463 Anal.
314 1436 410 1468 XXH,
432 1433 487 1462 221
509 1444 551 1471 sq.

637 1535 677 1567 91.
707 1536 750 1567 De
772 1536 881 1567 sancta
899 1535 1086 1567 Petronilla.

347 1608 394 1640 In
421 1608 452 1640 1.
478 1607 694 1648 Vesperis.

402 1682 448 1710 Ad
468 1682 646 1717 Magnificat.

209 1741 251 1773 A.
283 1739 373 1771 Duce
399 1740 528 1772 caelesti
552 1741 690 1780 numine,

282 1787 379 1818 Patre
403 1786 532 1819 favente
555 1787 701 1827 principe

280 1835 317 1866 In
342 1835 519 1867 Petronilla
543 1835 666 1875 virgine

280 1881 340 1914 Est
365 1882 466 1914 virtus
491 1883 674 1926 patientiae,

279 1929 341 1961 Est
364 1929 428 1962 ista
452 1928 695 1969 perfectissima,

281 1978 418 2016 Propter
443 1978 527 2017 quod
553 1982 585 2010 et
609 1977 782 2010 laet-issima

282 2023 393 2057 Gloria
420 2024 490 2064 tibi,
516 2025 662 2057 Domine.

349 2113 376 2144 A
389 2110 409 2142 d
434 2110 520 2142 Mat
533 2111 704 2143 utinum.

419 2177 634 2205 Invitatorium.

283 2235 377 2267 Nunc
401 2236 597 2268 Petronillae
622 2234 754 2275 virginis

329 2284 458 2315 Festum
484 2283 569 2315 laete
595 2283 769 2324 cantamus,

283 2330 379 2369 GuJ'us
404 2331 537 2363 sacratis
558 2329 680 2362 meritis

328 2377 372 2408 Et
396 2377 465 2410 Deo
487 2378 670 2417 jubilamus.

1032 1607 1077 1639 In
1104 1606 1135 1639 1.
1160 1606 1386 1638 Nocturno.

1107 1699 1300 1735 Antiphonae.

905 1777 935 1810 1.
961 1777 1052 1809 Haec
1077 1778 1124 1809 est
1148 1776 1304 1815 principis
1332 1774 1407 1817 filia,

1009 1826 1095 1865 Quae
1121 1825 1168 1854 est
1193 1825 1301 1855 secuta
1328 1832 1453 1863 agnum,

961 1871 1171 1905 Prudentium
1195 1871 1348 1910 primaria

1008 1919 1053 1951 Et
1077 1918 1173 1951 habet
1199 1926 1312 1949 nomen
1337 1927 1494 1959 magnum.

904 2008 936 2038 2.
963 2005 1087 2038 Nomen
1110 2005 1256 2035 sacratae
1279 2003 1411 2044 virginis

1010 2052 1099 2084 Petri
1123 2060 1233 2082 manus
1260 2051 1466 2094 scripserunt,

964 2100 1055 2140 Quod
1080 2098 1161 2131 caeli
1186 2107 1256 2130 cum
1276 2099 1418 2138 reliqtiiis

1011 2147 1111 2179 Nobis
1138 2149 1375 2179 enarraverunt.

906 2237 938 2269 3.
965 2236 993 2267 A
1019 2233 1087 2266 Deo
1112 2231 1314 2263 benedicitur

1010 2279 1187 2313 Petronilla
1210 2278 1313 2317 beata,

964 2330 1049 2368 Quae
1073 2327 1258 2359 innocenter
1280 2327 1436 2368 graditur,

1012 2376 1145 2415 Semper
1170 2376 1218 2406 cst
1242 2374 1405 2408 honorata.

1286 2427 1345 2461 17*
