1652 2615
694 127 950 163 *243—

343 238 388 266 Ad
415 238 600 268 Benedictus.

161 304 201 335 A.
233 304 435 337 Admiranda
458 306 611 339 Martiani

282 351 486 392 praefulgens
509 353 677 394 magnalia,

236 398 332 438 Cujus
357 400 466 440 lingua
491 409 543 432 ros
570 401 725 441 caelestis

281 444 353 478 fons
380 447 525 479 conditus
550 448 663 490 gratia,

233 492 330 532 OuJ'us
357 496 470 533 pectus
495 504 551 526 vas
576 495 714 535 virtutis,

283 541 413 581 plenum
438 541 612 581 sapientia3

232 587 336 619 Tanto
362 588 448 628 patri
474 589 710 621 commendetur

281 644 432 675 praesens
458 635 537 667 haec
562 635 692 668 familia.

844 323 883 355 A.

985 225 1031 257 111
1059 226 1090 257 2.
1115 224 1331 263 Vesper-is.

1037 279 1084 307 Ad
1101 278 1279 315 Mag-nificat.

915 322 1047 356 Praesul
1071 331 1130 355 ave
1155 322 1324 360 Martiane,

961 370 1145 410 praesulare
1170 369 1342 409 speculum,

915 418 995 457 Ave,
1021 420 1122 457 pater,
1149 415 1253 448 forma
1274 424 1408 455 morum,

963 464 1090 496 virtut-is
1115 463 1320 504 signaculum,

917 510 1033 543 Confer
1057 520 1159 550 opem,
1189 519 1277 550 spem
1301 510 1430 550 largire,

959 558 1088 598 pietatis
1114 557 1236 589 oculum

915 605 955 636 In
977 615 1035 637 nos
1060 607 1158 643 verte,
1183 614 1241 636 nos
1267 612 1428 645 conserva,

964 652 1047 684 hunc
1071 654 1161 683 tuere
1184 651 1346 692 populum.

240 704 325 732 Brev.
347 704 648 733 Gallicano-Siculum
668 707 737 742 imp.
757 707 872 734 Ventiis
895 705 975 734 1527.
996 722 1033 727 —-
1052 707 1094 734 In
1116 705 1141 733 1.
1161 708 1261 735 Nost.
1277 703 1297 732 Β
1319 704 1345 740 3,
1366 704 1384 732 2
1425 715 1466 733 er-

160 742 243 778 vigil.
263 757 301 762 —
321 743 361 770 In
384 739 411 770 3.
431 743 533 770 Noct.
555 740 575 769 R
598 741 624 776 2,
644 741 664 770 4
682 744 899 780 retrograditur.
921 759 956 763 —
989 746 1030 773 In
1050 743 1076 771 2.
1100 745 1202 780 Vesp.
1228 743 1264 772 ad
1282 744 1381 779 Magn.
1398 716 1429 778 R,
1449 743 1465 770 7

161 782 307 808 converte.

529 853 576 884 85.
605 852 641 885 In
662 853 881 886 'translatione
901 862 925 885 s.
946 854 1106 887 Matthaei.

299 914 346 946 In
372 915 402 947 1.
430 913 647 953 Vesperis.

376 988 572 1024 Antiphonae.

199 1072 206 1080 .
233 1046 418 1079 Matthaeus
441 1055 518 1078 voce
541 1045 672 1078 Domim

232 1093 372 1125 Lucrum
396 1101 549 1132 spernens
573 1092 721 1132 thelonei,

233 1140 323 1173 Indis
348 1139 445 1172 verbo
472 1143 504 1171 et
527 1148 633 1181 opere,

231 1188 357 1220 Salerni
382 1185 473 1219 fulsit
497 1195 639 1227 corpore.

199 1268 206 1275 .
233 1243 323 1275 Indis
347 1243 472 1275 ablatus
498 1243 640 1284 caelituS,

229 1290 367 1322 Lucanis
395 1290 511 1329 degens
536 1289 662 1328 finibus,

229 1337 395 1376 Quendam
419 1336 569 1369 monebat
591 1337 739 1375 vetulam,

227 1385 328 1424 Quam
346 1384 454 1425 gravis
480 1393 577 1423 sopor
601 1387 778 1424 presserat:

196 1467 203 1474 .
229 1441 379 1483 Hortare,
405 1443 518 1480 mater,
543 1439 652 1483 filium,

229 1488 318 1520 Totis
342 1488 466 1528 accingi
489 1487 620 1526 nisibus,

230 1535 425 1576 Fragmenta
447 1535 550 1567 nostri
574 1535 721 1574 corporis

230 1583 338 1615 Tectis
364 1582 507 1622 requirat
529 1581 652 1616 loculis.

193 1664 201 1672 .
227 1639 391 1672 Mercibus
416 1640 490 1670 ante
513 1648 586 1670 reus

275 1687 403 1720 Christo
416 1686 573 1720 clamante
583 1685 777 1728 Matthaeus,

227 1734 287 1767 His
312 1732 429 1766 recubo
454 1733 560 1773 terris,

273 1781 374 1822 spinis
400 1783 560 1812 contectus
586 1783 618 1812 et
642 1780 759 1815 herbiS.

192 1863 198 1869 .
226 1837 333 1870 Verba
356 1840 433 1870 tunc
458 1837 570 1869 matris

271 1886 444 1918 monachus
469 1885 604 1925 benigne

225 1932 342 1974 Captat
362 1936 395 1965 et
418 1931 538 1965 ferrum

271 1980 416 2013 manibus
433 1982 596 2014 retentans

224 2029 278 2061 Ad
302 2029 407 2060 locum
431 2028 538 2069 pergit

273 2075 336 2108 sibi
357 2076 559 2115 destinatum,

318 2124 447 2156 Vellere
471 2126 588 2158 sentes.

341 2198 388 2227 Ad
406 2198 586 2234 Magnificat.

185 2283 193 2290 .
223 2256 405 2297 Displicitis
430 2255 531 2295 Indis,

273 2303 462 2343 contemptis
486 2303 563 2336 inde
588 2304 762 2347 Britannis,

225 2350 320 2383 Nunc
345 2351 456 2384 rutilat
478 2351 570 2384 nobis

270 2399 397 2431 illorum
424 2398 536 2431 ductus
561 2400 602 2432 ab
628 2398 703 2432 oris.

849 1668 879 1701 1.

943 916 1004 947 Ad
1027 916 1362 948 Processmnem.

1064 988 1242 1024 Antiphona.

912 1046 1030 1078 Noster
1053 1055 1086 1077 1n
1111 1048 1285 1085 aeternum,

959 1093 1133 1132 Matthaee,
1158 1095 1247 1124 tuere
1274 1092 1451 1132 Salernum,

910 1141 960 1172 Ac
984 1139 1101 1172 stabuli
1126 1138 1259 1171 famulos

958 1189 1090 1226 protege
1115 1186 1191 1218 sede
1216 1189 1302 1226 tuos3

911 1234 957 1265 Te
983 1234 1117 1266 dederas
1143 1233 1234 1265 nobis

960 1281 1056 1312 variis
1080 1280 1254 1312 translatus
1279 1278 1318 1310 ab
1345 1280 1420 1319 oris,

911 1328 1044 1367 Semper
1068 1329 1105 1358 ut
1128 1326 1181 1358 hic
1205 1325 1340 1365 habites,

959 1384 1015 1407 nos
1040 1373 1099 1405 tibi
1124 1373 1177 1406 fac
1198 1371 1333 1406 habiles.

997 1515 1062 1548 Ad
1090 1515 1292 1555 V1g11iaS.

1055 1599 1248 1635 Antiphonae.

908 1669 1077 1708 Comperto
1102 1675 1193 1698 sacro

954 1714 1108 1755 fragmine
1132 1715 1273 1755 corporis

907 1761 1074 1794 Cunctanti
1098 1761 1194 1794 matri

951 1809 1076 1842 nuntiat
1098 1808 1243 1849 impiger,

906 1857 1013 1889 Tollat
1033 1865 1127 1896 nunc,
1150 1858 1261 1896 mater,

951 1907 1082 1944 pectore
1106 1904 1191 1944 quod
1214 1903 1269 1943 pio

905 1952 1080 1985 Mandaras
1112 1954 1187 1983 nato

956 2007 1108 2040 quaerere
1131 1998 1264 2031 concite.

906 2057 1007 2089 Fama
1037 2055 1173 2096 benigne
1197 2054 1344 2088 redolens

908 2104 1033 2138 Salerni
1058 2103 1196 2143 complet
1216 2103 1349 2141 moenia,

909 2152 1001 2185 Cives
1027 2150 1113 2184 ocius
1138 2151 1300 2189 advolant,

908 2199 1040 2232 Sanctas
1065 2198 1185 2230 vehunt
1202 2197 1363 2236 reliquias,

906 2256 988 2289 Vino
1013 2254 1197 2288 redundans
1223 2254 1385 2286 vasculum

906 2303 1000 2337 Prius
1025 2304 1187 2336 ostensum
1213 2300 1340 2333 aridum

903 2349 1132 2391 Evangelistae
1161 2348 1274 2381 merito

902 2399 1060 2432 Haustum
1086 2396 1206 2428 cunctis
1229 2395 1384 2432 exhibuit,

1228 2449 1286 2482 16*
