1652 2615
690 134 733 138 —
784 127 828 145 ῥυ
874 129 922 138 -ν-

292 209 337 240 In
363 210 394 241 3.
417 208 645 241 Nocturno.

368 272 413 299 Ad
437 273 565 300 Cantica.

157 330 201 363 A.
232 330 304 362 Jam
330 331 519 369 concrepent
542 337 659 368 organa

277 375 398 415 Sponso
426 375 526 407 dulcis
547 376 697 415 musicae,

229 421 351 460 Sponsa
373 422 466 453 terris
490 421 632 459 orphana

279 468 453 500 Coronatur
476 467 609 506 mystice

230 513 280 545 De
305 513 408 553 capite
430 514 554 545 Amana

276 560 320 591 Et
345 560 384 592 de
409 559 479 592 Sair
503 560 631 592 vertice.

362 633 566 668 Responsoria.

198 717 205 725 .
231 691 307 723 Flos
333 692 373 723 de
397 691 489 730 spina
511 691 659 729 nascitur,

277 738 373 777 Quem
397 737 489 776 spina
514 740 749 778 compunxerat,

281 785 343 816 Sed
368 792 402 814 se
425 784 521 823 pungi
546 784 670 822 tolerat,

234 831 315 863 Dum
340 830 397 863 sub
423 832 514 870 spina
541 831 684 868 moritur,

280 878 428 916 Solvens,
455 877 537 917 quod
563 886 623 909 non
649 877 777 915 tulerat,

280 924 346 956 Nos
371 932 390 954 a
413 925 505 963 spina
529 924 653 961 liberat,

235 971 394 1002 Punctura
419 970 492 1001 dum
517 971 676 1009 pungitur,

196 1046 204 1052 ,
233 1017 315 1049 Dum
343 1025 456 1048 corona
479 1017 638 1056 plectitur,

282 1065 380 1103 Quam
404 1072 461 1094 rex
485 1063 594 1094 mundi
620 1061 752 1103 deferat,

234 1111 265 1144 A
289 1119 349 1149 quo
373 1111 506 1142 mundus
530 1110 656 1149 tegitur.

202 1193 209 1199 .
234 1165 372 1198 Coronat
394 1173 499 1205 regern
523 1166 660 1196 omnium

281 1212 402 1244 Judaea
426 1215 510 1244 serto
535 1212 654 1250 spineo,

239 1258 310 1290 Stat
333 1259 417 1289 inter
441 1259 547 1298 spinas
571 1258 670 1290 lilium

285 1306 429 1337 Vernaus
456 1313 567 1336 cruore
589 1312 690 1344 roseo,

241 1351 407 1390 Spinarum
434 1352 545 1390 culpae
568 1350 717 1393 nescium,

287 1397 403 1437 Spinae
431 1399 579 1436 punctum
604 1397 723 1437 aculeo,

205 1470 211 1476 .
241 1444 304 1476 Sub
332 1445 445 1476 decore

289 1490 388 1530 fulget
411 1498 568 1530 purpureo

241 1537 361 1576 Corpus
383 1537 486 1568 nitens

290 1584 426 1616 candore
449 1584 550 1616 niveo.

209 1666 216 1672 .
241 1640 265 1672 O
291 1648 395 1679 regem
421 1640 499 1670 coeli
522 1638 699 1680 benignum,

244 1686 303 1724 Qui
325 1695 383 1725 per
401 1686 503 1717 crucis
519 1694 653 1725 regnans
669 1686 787 1725 lignum

246 1733 291 1765 Ob
316 1733 430 1764 amoris
455 1732 574 1772 grande
598 1734 719 1773 signum

244 1779 292 1811 De
317 1788 431 1811 corona
454 1789 511 1811 sua
536 1779 663 1818 dignum

289 1826 405 1857 Munus
432 1826 487 1857 dat
510 1826 677 1865 ecclesiae3

204 1897 211 1902 .
243 1872 326 1904 Gens
348 1872 462 1912 fidelis,
493 1872 569 1903 satis
594 1872 705 1911 gaude,

245 1919 290 1950 Et
313 1920 446 1950 honores
472 1919 555 1950 omni
576 1918 671 1950 laude

290 1966 410 2005 Regem
434 1974 542 2005 regum
565 1965 670 1998 hodie.

210 2047 217 2054 .
244 2021 336 2053 Felix
364 2021 465 2060 spina,

293 2069 380 2107 cujus
404 2067 505 2099 aculei

247 2114 352 2146 Guttis
376 2113 491 2146 rubent

292 2162 373 2193 roris
394 2161 565 2201 sanguinei,

249 2209 339 2240 Vires
364 2207 513 2247 frangunt

293 2256 376 2296 regis
402 2255 542 2296 tartarei,

247 2303 340 2335 Seras
362 2302 506 2342 pandunt

291 2351 380 2390 regni
402 2348 529 2381 siderei.

832 205 870 239 V.
900 205 925 236 Ο
951 204 1114 244 spinarum

946 251 1099 283 immensa
1120 250 1229 291 gloria,

902 297 988 336 Quae
1012 299 1060 329 tot
1081 298 1172 329 nobis

949 345 1114 382 praestant
1137 342 1288 374 remed÷a.

993 437 1038 468 In
1063 433 1291 466 Laudibus,

1042 507 1236 541 Antiphonae.

837 568 866 599 1.
894 566 998 597 Adest
1023 565 1089 595 dies
1114 564 1263 606 laetitiae,

941 612 1007 651 Quo
1034 611 1179 643 diadema
1203 611 1348 650 spineum

896 659 1140 692 commendatur
1163 657 1333 689 memoriae

942 705 1061 739 Christi
1091 713 1201 737 cruore
1225 713 1358 737 roseum.

837 765 868 795 2.
895 761 1052 793 Summum
1079 770 1186 801 regem
1210 761 1329 801 gloriae

943 808 1049 848 Spinis
1074 810 1256 840 coronatum

897 855 993 887 Ridet
1016 855 1107 895 plebs
1132 853 1287 895 perfidiae

941 902 1042 934 Morti
1067 903 1318 934 condemnatum.

838 961 869 992 3.
896 958 920 990 Ο
946 966 1037 998 quam
1063 956 1141 988 felix
1163 958 1302 998 punctio,

945 1004 1042 1043 Quam
1066 1004 1162 1036 beata
1184 1004 1287 1044 spina,

895 1052 944 1085 De
971 1060 1032 1090 qua
1053 1049 1124 1082 fluit
1147 1051 1264 1091 unctio,

944 1098 1058 1129 Mundi
1081 1097 1248 1131 medicina.

839 1155 872 1186 4.
900 1153 1043 1193 Fungens
1068 1153 1161 1192 spina
1185 1153 1331 1184 vulnerat

949 1199 1108 1231 Christum
1132 1199 1304 1239 patientem

898 1247 942 1278 Et
966 1256 984 1277 a
1008 1251 1110 1277 morte
1133 1245 1250 1277 liberat

947 1292 1104 1332 Populum
1126 1293 1317 1324 credentem.

844 1351 874 1381 5.
902 1348 1026 1381 Christo
1052 1348 1110 1379 sub
1136 1350 1220 1379 serto
1243 1349 1354 1387 spineo

948 1395 1089 1426 Illudunt
1111 1397 1220 1434 gentes
1244 1395 1372 1435 impiae,

901 1441 997 1480 Cujus
1024 1449 1136 1472 c1uore
1160 1450 1250 1472 roseo

948 1487 1074 1520 Sertum
1100 1486 1261 1519 confertur
1285 1488 1404 1529 gloriae

1033 1561 1079 1588 Ad
1097 1561 1279 1590 Benedictus.

843 1621 883 1651 A.
913 1619 1098 1650 Exultemus
1123 1627 1229 1650 omnes
1252 1620 1349 1659 chori,

914 1665 1039 1697 Laudes
1066 1665 1173 1697 demus
1198 1666 1358 1706 salvatori,

963 1713 1022 1751 Qui
1046 1720 1103 1751 per
1127 1712 1235 1752 spinas
1260 1712 1376 1757 floruit,

916 1759 1173 1791 Commendemus
1203 1769 1260 1792 nos
1284 1762 1415 1802 pastori,

914 1805 974 1844 Qui
998 1815 1056 1845 pro
1081 1815 1137 1838 suo
1162 1815 1256 1846 grege
1280 1808 1361 1839 mori

961 1853 1039 1884 Tam
1064 1852 1230 1892 dignanter
1253 1855 1368 1895 voluit3

916 1898 1083 1938 Nunquam
1108 1900 1185 1931 satis
1210 1903 1259 1931 est
1283 1904 1415 1943 amatus,

915 1945 975 1984 Qui
997 1947 1046 1977 tot
1070 1946 1170 1984 spinis
1193 1947 1361 1988 laceratus,

962 1993 992 2023 A
1017 1996 1118 2024 morte
1141 2002 1198 2026 nos
1224 1996 1320 2028 exuit.

1028 2085 1053 2117 P
1066 2094 1109 2117 er
1134 2088 1281 2121 Horas.

1056 2150 1102 2177 Ad
1122 2151 1260 2179 Primam.

846 2209 887 2240 A.
919 2206 1040 2251 Gaude,
1067 2206 1145 2240 felix

963 2257 1064 2286 mater
1093 2257 1235 2297 ecclesia,

917 2301 1044 2333 Adsunt
1067 2302 1126 2334 tibi

965 2357 1048 2381 nova
1071 2350 1235 2391 solemnia,
