1652 2615
227 198 259 230 3.
285 197 412 230 Salvum
437 196 497 235 fac,
520 207 538 230 o
562 197 705 238 Domine,

330 252 459 284 regnum
484 247 578 284 atque
600 253 715 284 regem,

283 290 341 329 Qui
368 298 500 322 coronae
520 290 634 331 gaudio

328 341 414 368 tuum
439 337 523 368 ditas
547 345 682 377 gregem.

426 437 632 472 Responsoria.

236 512 266 544 1.
292 512 490 543 Hierusalem

338 560 431 596 atque
452 558 627 589 Bisantium

290 604 392 636 Divae
414 604 507 643 liquit

340 658 473 681 coronae
497 650 643 690 pretium,

292 697 335 730 Ut
361 696 524 728 Gallorum

335 743 391 775 fiat
412 744 617 783 praesidium.

218 788 256 822 V.
289 789 369 821 Fert
391 791 543 830 magistra

332 837 441 868 mundi
465 838 605 869 Pal-isius

286 882 411 915 Sertum
435 884 524 915 lauro

334 930 464 968 sophiae
489 930 623 970 dignius

254 1028 261 1036 .
289 1003 347 1042 Qui
371 1012 429 1043 per
453 1007 554 1035 terras
576 1006 607 1035 et
631 1012 689 1043 per
712 1014 800 1036 mare

335 1050 462 1083 Cunctis
487 1051 582 1083 rebus
603 1051 749 1095 imperat,

286 1097 417 1129 Fluctus
441 1099 542 1136 sedat,
568 1097 690 1129 nimbos
715 1102 811 1139 arcet,

333 1144 422 1176 Velis
447 1153 539 1175 auras
562 1148 736 1183 temperat3

284 1190 378 1223 Felix
403 1191 502 1234 navis,
530 1192 617 1231 cujus
643 1200 720 1222 onus

334 1238 430 1270 Casus
455 1238 550 1269 maris
575 1241 712 1276 superat.

246 1308 254 1316 .
289 1284 367 1326 Rex,
395 1284 448 1323 qui
471 1285 544 1316 navi
566 1283 765 1324 naufraganti

328 1330 491 1370 Mitigavit
514 1331 622 1371 maria.

284 1377 377 1409 Nunc
407 1387 540 1410 coronae
564 1377 785 1410 transfretanti

333 1424 453 1457 cunct-a
476 1426 582 1457 reddit
607 1425 705 1457 mitia..

248 1524 256 1532 .
283 1499 395 1531 Sacras
421 1509 541 1531 merces

330 1547 490 1578 vincentes
515 1547 627 1586 pretia,

283 1594 365 1632 Quas
389 1593 421 1624 in
446 1594 558 1634 pignus

331 1641 465 1679 sumpsit
489 1641 632 1680 Venetia,

280 1687 376 1727 Regis
400 1688 499 1719 nostri

328 1734 463 1765 redemit
487 1736 587 1775 copia.

211 1780 249 1812 V.
280 1780 439 1812 Liberalis

327 1827 410 1866 regis
436 1836 493 1858 rex
522 1827 659 1860 omnium

283 1874 344 1905 Per
367 1882 513 1905 coronam

327 1919 492 1952 confirmat,
515 1921 637 1953 solium.

338 2050 385 2081 In
411 2051 441 2082 3.
468 2050 695 2084 Nocturno.

422 2133 615 2169 Antiphonae.

213 2201 242 2234 1.
267 2201 402 2232 Nuntiat
425 2200 456 2231 in
482 2200 627 2239 gentibus

314 2248 449 2287 Senum,
475 2248 558 2286 quod
583 2247 731 2288 portavit,

269 2296 358 2333 Quod
383 2304 401 2325 a
425 2294 509 2334 ligno
535 2292 670 2325 crucifer

315 2341 467 2378 Dominus
493 2340 643 2381 regnavit.

899 198 930 230 2.

897 388 928 419 3.

907 671 939 703 1.

903 1144 933 1175 2.

886 1896 923 1929 V.

886 2204 914 2235 1.

957 196 1122 230 Judicatus
1147 198 1292 238 nequiter

1002 244 1116 276 Orbem
1137 244 1296 284 judicabit

955 290 1000 322 Et
1024 295 1180 322 certantes
1205 290 1332 322 fortiter

1003 336 1115 369 Secum
1141 336 1312 369 coronabit.

955 388 1068 427 Diligit
1088 388 1243 427 judicium

1000 435 1111 467 Honor
1135 432 1247 464 summi
1272 432 1364 473 regis,

955 481 1000 512 Et
1022 479 1119 511 fidele
1142 479 1255 509 solium

955 528 1018 559 Per
1043 533 1177 556 coronae
1201 522 1376 563 praemium

1002 572 1126 604 Firmat
1149 571 1232 601 lator
1255 568 1344 607 legis.

1100 624 1305 660 Responsoria.

965 670 1121 703 Diadema

1013 716 1067 747 dat
1090 715 1178 754 virgo
1204 722 1360 753 carneum,

965 764 1129 804 synagoga

1014 808 1151 840 crudelis
1176 808 1330 847 spineum,

963 855 1016 888 Sic
1040 857 1191 887 coronant

1010 911 1115 942 regem
1140 902 1330 933 aethereum.

967 952 1043 990 Ipsa
1068 949 1119 981 die

1008 1005 1169 1035 vernoque
1192 999 1335 1034 tempore

961 1045 1082 1077 Vernat,
1106 1043 1250 1076 Christus

1005 1093 1139 1129 utroque
1162 1091 1285 1122 decore.

960 1142 1043 1175 Serti
1068 1142 1155 1172 viror

1008 1188 1116 1219 virtuti
1141 1188 1289 1226 proprius

959 1236 1034 1268 Plus
1060 1243 1152 1274 quam
1177 1234 1246 1265 auri

1007 1282 1057 1312 vel
1082 1290 1221 1322 gemmae
1242 1281 1351 1312 radius

958 1328 1220 1367 Triumphantem

1006 1378 1098 1407 ornat
1123 1374 1294 1406 decentius.

960 1422 1030 1454 Non
1056 1422 1228 1461 quaerebat

1007 1467 1129 1508 fulgens
1153 1468 1331 1510 imperium,

959 1515 1022 1548 Sed
1046 1516 1184 1547 virorem

1003 1562 1088 1595 vitae
1110 1563 1298 1594 mortalium.

957 1614 1046 1646 Sacri
1071 1615 1166 1646 Petro
1191 1613 1281 1653 regni
1306 1613 1404 1643 clavis

958 1662 999 1693 Et
1025 1662 1116 1692 unius
1141 1661 1195 1692 uni
1219 1660 1310 1692 navis

1000 1710 1116 1741 Datum
1139 1711 1187 1739 est
1210 1707 1391 1747 remigium3

957 1756 1119 1788 Unitatem
1143 1755 1291 1787 scindens
1317 1753 1458 1786 Graecus

958 1802 1150 1834 Coronarum
1174 1801 1283 1841 perdit
1309 1801 1413 1839 decus,

1004 1849 1116 1881 Perdit
1141 1852 1173 1880 et
1195 1848 1372 1887 imperium.

957 1896 1064 1928 Minor
1089 1898 1165 1927 natu
1191 1894 1297 1928 Gallia

1000 1941 1094 1974 Fidei
1119 1943 1247 1982 majoris

952 1988 1041 2021 Emit
1063 1989 1274 2030 primogenita

999 2036 1124 2069 Fratris
1148 2036 1291 2070 senioris.

1045 2102 1090 2133 In
1115 2101 1345 2134 Laudibus.

1088 2156 1280 2191 Antiphonae.

942 2204 1127 2244 Pretiosum,
1153 2214 1215 2236 non
1242 2204 1403 2242 spinosum

989 2250 1132 2282 Christus
1156 2254 1275 2282 sertum
1300 2253 1439 2295 respicit,

942 2296 1012 2328 Nec
1035 2296 1179 2338 picturis,
1206 2298 1263 2328 scd
1288 2301 1452 2336 puncturis

987 2343 1140 2377 coronari
1163 2343 1271 2376 voluit.
