1652 2615
139 326 179 358 R.

140 841 182 874 A.

492 189 518 218 7.
547 188 582 219 In
602 188 750 220 Illatione
770 188 938 229 Sanguinis
959 187 1086 220 Domini.

279 251 326 283 In
352 253 383 284 1.
412 252 624 293 VesperiS.

211 325 315 366 Salve,
343 328 469 366 sanguis
497 328 613 360 Christi
639 329 736 369 stilla,

214 373 304 404 Bona
328 374 483 407 reducens
508 376 541 406 in
566 376 632 415 illa,

212 420 300 459 Quae
323 420 522 459 perdidimus

211 467 250 499 In
275 467 387 507 primis
412 468 608 507 parentibus.

216 513 317 545 Cruor
342 514 461 547 Christi
485 524 581 555 super
607 518 719 548 cuncta

214 561 360 592 Pretiosa
386 563 435 592 est
456 565 626 604 unguenta,

215 608 324 639 Favus
352 607 511 640 distillans
535 609 640 647 passio

217 653 285 685 Mel
311 655 342 685 et
366 654 417 686 lac
441 655 473 686 in
499 664 592 687 cruce
616 665 683 688 sua.

324 774 369 801 Ad
388 774 567 811 Mag-nificat.

214 842 294 881 Ave,
322 850 414 874 eruor
438 842 594 886 salutaris,

213 888 271 927 Qui
299 889 338 920 de
362 890 434 921 vivo
461 889 615 922 derivaris

212 934 325 976 Fonte,
352 944 409 967 nos
435 935 607 968 emundans

212 982 257 1013 Et
291 983 333 1014 ad
357 982 472 1014 bonum
497 991 554 1014 nos
579 982 763 1023 fecundans,

212 1028 355 1060 Mustum
379 1037 472 1061 verae
498 1029 582 1072 vitis,

215 1075 284 1107 Vim
309 1076 511 1114 exstinguens
535 1080 663 1108 nostrae
683 1077 762 1114 sitis,

213 1122 307 1154 Stilla
331 1122 427 1162 plena
456 1123 594 1162 dulcore,

213 1169 261 1200 Tu
309 1177 366 1200 nos
405 1169 481 1201 coeli
520 1170 621 1201 redde
653 1170 762 1209 dignos

540 1216 668 1250 honore.

271 1338 333 1369 Ad
356 1337 631 1370 Nocturnum.

351 1412 556 1448 Responsoria.

184 1496 190 1503 .
217 1469 355 1508 Serpens
381 1468 422 1501 ad
447 1468 563 1501 fastum

258 1525 317 1556 per
334 1514 463 1548 fraudes
481 1519 575 1556 atque
592 1525 649 1556 per
662 1520 762 1549 astum

214 1563 355 1596 illiciens
378 1566 505 1603 pastum

261 1610 367 1642 fructu
387 1611 498 1641 mortis
522 1610 763 1654 protoplastum,

212 1658 249 1689 In
273 1660 366 1697 patre
388 1665 445 1688 nos
470 1657 594 1700 stravit,

262 1704 342 1735 coeli
367 1712 456 1742 quem
483 1704 561 1736 sede
585 1702 716 1742 fugavit,

215 1750 279 1782 Sed
303 1749 421 1782 Christi
447 1751 573 1790 sanguis

263 1797 401 1829 occurrit
426 1797 582 1829 morsibus
608 1796 729 1837 anguis,

217 1843 407 1876 Vulneiibus
431 1844 560 1876 maestis

265 1900 320 1923 nos
345 1891 439 1924 laesit
463 1891 558 1923 noxia
578 1891 687 1932 pestis,

215 1939 299 1973 Dum
324 1938 410 1970 tristi
434 1947 526 1978 pomo

261 1994 297 2018 se
320 1986 488 2018 temeravit
511 1986 614 2018 homo.

215 2053 300 2085 Vere
322 2054 479 2084 sacratum
505 2052 699 2093 sanguinem,

216 2100 275 2139 Qui
299 2099 436 2131 restituit
462 2099 619 2131 hominem

212 2147 366 2181 Paradiso
392 2147 563 2186 spoliatum

212 2194 327 2228 Matris
352 2193 441 2226 Evae
464 2202 523 2233 per
547 2195 679 2233 reatum,

213 2241 294 2276 Nam
318 2241 491 2281 peremptis
517 2241 627 2272 mortis
653 2250 707 2272 esu

212 2288 311 2321 Redit
334 2288 401 2321 vita
422 2289 525 2320 morte
548 2288 636 2321 Jesu.

214 2334 247 2368 A
263 2335 406 2368 Domino
421 2333 548 2378 factum
565 2338 610 2367 est
628 2335 718 2367 istud
735 2337 764 2367 ct

212 2385 257 2416 est
273 2383 423 2416 mirabile
441 2383 478 2415 in
502 2382 604 2416 oeulis
629 2382 761 2418 nostris.

832 256 863 288 3.

821 535 859 567 v.

825 761 857 793 1.

892 253 1009 286 Christi
1035 254 1160 293 sanguis
1184 253 1407 292 sacratissime,

891 302 939 333 Tu
964 304 1057 341 potus
1082 301 1230 333 salutaris
1251 309 1283 332 es
1305 301 1437 338 animae,

890 348 993 380 Menti
1014 357 1067 380 ros
1090 347 1230 387 intimae,
1400 363 1403 369 ·

891 395 940 427 Tu
988 395 1090 427 carnis
1132 395 1331 434 exstinguens
1371 392 1441 425 fons

1213 440 1344 481 faculas,

890 488 1051 520 Mundans
1075 488 1225 523 maculas,

896 534 1057 575 Quoniam
1074 537 1282 576 peccatorum
1297 535 1441 573 flammis

892 582 1021 613 urimur
1046 584 1074 613 et
1098 582 1198 622 culpis
1220 581 1438 615 sordidamur.

1000 657 1060 688 Ad
1084 656 1263 689 Laudes.

1035 712 1229 748 Antiphonae.

883 759 1013 798 Quando
1039 760 1127 791 venit
1151 769 1248 799 agnus
1272 760 1344 799 Dei,

927 806 1061 839 Placens
1084 807 1170 846 patri
1193 807 1305 850 hostia,

881 852 983 885 Solvit
1006 853 1092 885 orbis
1119 854 1243 892 culpam
1268 853 1315 885 rei

928 900 1116 940 Sanguinem
1142 909 1210 932 cum
1237 902 1341 932 anima

974 947 1062 979 Dans
1088 947 1125 979 ei.

848 1019 854 1025 .
881 994 1019 1025 Verbum
1052 1002 1221 1034 supernum
1247 993 1439 1025 descendens

880 1040 932 1072 Ad
957 1041 1091 1071 salntem
1115 1041 1273 1072 hominum

879 1086 1065 1126 Sanguinem
1090 1087 1247 1126 impendit
1267 1087 1437 1126 pretiosum

878 1132 914 1164 In
940 1142 1120 1166 succursum
1147 1133 1412 1166 redimendoium.

846 1215 853 1222 .
879 1188 996 1221 Beatus
1022 1192 1132 1222 auctor
1155 1189 1278 1221 miseris

880 1238 916 1269 In
942 1236 1044 1276 primo
1069 1237 1167 1276 lapsis
1193 1236 1317 1269 homine

881 1283 1057 1322 Apertione
1081 1284 1189 1315 lateris

880 1328 965 1362 Fuso
991 1331 1136 1362 subvenit
1160 1330 1320 1370 sanguine.

849 1410 856 1418 .
884 1384 998 1418 Clausa,
1021 1387 1163 1426 parentis
1187 1387 1292 1418 anima

884 1433 1114 1465 Penetrabatur
1138 1433 1253 1473 gladio,

880 1479 962 1511 Dum
987 1480 1053 1512 nati
1077 1482 1187 1512 rorant
1205 1481 1324 1519 optima

880 1526 1027 1558 Membra
1051 1528 1172 1559 cruoris
1192 1526 1299 1561 fluvio.

848 1609 854 1615 .
882 1582 1000 1614 Domus
1026 1583 1170 1615 coelestis
1194 1584 1356 1623 panditur,

881 1630 962 1661 Dum
989 1631 1141 1670 rumphea
1167 1631 1324 1662 versatilis

882 1676 926 1708 Et
948 1675 1094 1707 flammea
1118 1677 1325 1717 restinguitur

881 1722 1006 1754 Virtute
1030 1723 1135 1755 stillae
1160 1723 1286 1757 nobilis.

1004 1778 1049 1806 Ad
1070 1779 1250 1807 Benedictus.

823 1818 861 1851 A.
895 1816 1029 1850 Redditi

940 1865 1035 1896 coelis
1060 1872 1165 1895 sumus

985 1920 1044 1950 per
1069 1920 1220 1952 cruorem,

894 1958 990 1997 Quem
1017 1958 1133 1991 Christi

938 2006 977 2038 de
1003 2014 1135 2046 corpore

986 2053 1203 2092 produxerunt

892 2100 996 2133 Sudor
1019 2099 1120 2140 flagra
1142 2101 1252 2140 spinae

892 2149 940 2179 Ac
965 2147 1048 2180 clavi

939 2195 1111 2234 lanceaque

986 2251 1045 2281 per
1068 2242 1152 2274 hunc
1176 2251 1280 2274 rorem

891 2290 997 2321 Avida

936 2337 1002 2376 jam
1035 2336 1196 2376 praedura

985 2384 1082 2417 corda
1106 2384 1298 2418 revixenmt,
