1652 2615
673 128 930 164 *194ae

608 221 652 252 65.
686 220 728 252 De
745 218 852 250 sancto
875 220 1006 250 Ansano.

299 295 344 326 In
372 294 400 325 1.
431 292 640 331 vesperis.

378 356 570 392 Antiphonae.

172 416 202 449 1.
228 416 373 447 Ansanus
395 414 513 445 Romae

275 460 483 499 Tranquillini
507 460 641 498 genitus,

230 507 365 546 Insignis
390 507 490 546 prole,

280 556 384 584 mente
407 553 491 584 lucet
516 551 656 584 caelituS.

175 611 206 641 2.
232 608 397 648 Flagravit
418 610 540 647 martyr

277 656 329 686 hic
353 655 474 686 servire
499 653 633 686 Domino

229 702 359 734 Teneris
385 702 485 740 annis,

279 748 350 779 dum
375 748 495 779 viveret
519 747 653 779 saeculo.

175 805 206 838 3.
233 804 321 835 Inter
344 803 502 835 scholares

278 850 392 881 artium
416 849 553 881 nutritus

232 896 351 928 Christi
374 896 525 927 salvantis

280 943 359 973 clam
383 943 512 973 tenebat
535 943 623 973 rituS.

175 999 208 1031 4.
232 999 377 1037 Quamvis
401 1000 543 1028 materna

278 1053 364 1076 mens
391 1046 421 1074 et
444 1043 594 1083 genitoris

234 1090 396 1129 obstabat,
423 1091 490 1121 vias

276 1137 343 1168 iba-t
367 1137 585 1175 redemptoris.

176 1195 206 1225 5.
234 1193 349 1224 Beatus
373 1192 434 1222 iste

278 1239 391 1277 spiritu
415 1238 541 1269 virtutis

233 1284 445 1317 Desiderabat

279 1332 324 1362 lai
332 1340 438 1362 acrum
462 1331 586 1364 salutis.

346 1395 388 1422 Ad
408 1394 586 1431 Magnificat.

163 1452 203 1484 A.
233 1451 297 1484 Sub
320 1452 478 1483 mandatis
503 1452 606 1491 angeli

278 1506 347 1529 cum
371 1498 519 1529 sacerdos
544 1499 625 1537 petit

231 1544 329 1576 Fores
354 1544 534 1583 sanctuarii,

278 1591 375 1622 mirus
401 1591 479 1622 odor
503 1592 601 1633 stetit,

230 1637 389 1677 Spiritalis
415 1637 555 1669 Maxima

280 1686 380 1716 mater
404 1684 483 1714 mire
509 1684 603 1715 datur

231 1731 276 1762 Et
299 1729 369 1762 fons
393 1739 492 1770 aquae
514 1730 674 1771 limpidae,

277 1786 356 1816 puer
379 1779 416 1807 ut
438 1779 590 1816 tergatur.

292 1861 352 1892 Ad
377 1860 643 1895 Matutinum.

363 1926 578 1952 Invitatorium.

231 1977 311 2016 Regi
335 1976 512 2016 nobiscum,

278 2022 368 2054 Senis
393 2024 582 2055 advocatum

230 2072 392 2102 Ansanum
419 2070 515 2111 danti,

276 2117 397 2157 surgite
426 2119 595 2149 cantatum.

291 2201 393 2233 1111.
418 2200 646 2234 Nocturno.

369 2265 563 2302 Antiphonae.

174 2319 203 2352 1.
229 2320 375 2351 Ansanus
399 2319 570 2351 catholicus

276 2375 357 2398 anno
383 2366 504 2399 decimo
529 2375 611 2398 nono

901 287 1051 327 Martyrii
1080 286 1221 318 fervidus

948 333 1010 366 fuit
1034 342 1097 365 non
1122 333 1218 364 corde
1242 339 1353 370 prono.

845 420 876 450 2.
903 417 1099 457 Imperantes
1125 423 1277 454 respuens

952 463 1091 495 cucurrit
1112 462 1153 494 ad
1176 460 1355 499 matrinam,

904 511 981 544 Cum
1004 519 1066 550 qua
1089 508 1182 540 simul
1205 508 1324 539 sineret

951 558 1032 588 hanc
1055 557 1151 588 vitam
1176 554 1386 594 peregrinam.

871 668 878 674 .
906 642 1128 681 Relinquamus
1154 639 1243 671 daem
1248 647 1340 670 onum

952 687 1096 727 profana,
1122 686 1208 718 fatur
1231 689 1368 727 sanctus,

903 735 951 767 Sit
976 736 1009 766 in
1035 734 1160 767 Christo
1185 733 1320 765 Domino

946 781 1104 821 jucundus
1127 779 1218 812 nobis
1247 782 1367 811 cantus.

1035 883 1243 918 Responsoria.

870 966 876 973 .
902 942 1049 972 Ansanus
1075 948 1143 970 cum
1168 938 1310 979 Maxima

948 994 1038 1017 mano
1062 984 1148 1017 facto
1173 986 1304 1025 vadunt,

903 1032 1120 1072 Tyrannorum
1147 1032 1299 1063 caedibus

948 1088 982 1110 se
1005 1088 1062 1118 pro
1086 1078 1209 1112 Christo
1234 1079 1376 1119 tradunt,

901 1125 1014 1157 Fidem
1040 1126 1112 1164 quia
1136 1123 1290 1157 fervidam

947 1181 1009 1203 non
1036 1172 1075 1203 de
1098 1174 1201 1203 mente
1221 1171 1355 1212 radunt3

863 1244 870 1251 .
900 1218 1036 1251 Obviant
1062 1220 1093 1249 et
1116 1219 1235 1250 homini

948 1265 1065 1296 lumine
1090 1266 1226 1306 privato,

902 1313 998 1351 Quem
1023 1320 1096 1343 mox
1120 1312 1236 1343 laetum
1262 1310 1384 1344 faciunt

951 1359 1019 1389 visu
1044 1360 1231 1391 restaurato

845 1448 851 1456 ‘
871 1467 877 1475 .
902 1441 960 1474 Vir
983 1442 1108 1481 iniquus
1132 1443 1258 1475 intuens

953 1497 1079 1520 caecum
1103 1490 1262 1529 luminari,

906 1536 1036 1568 sanctos
1063 1536 1102 1567 de
1126 1537 1277 1568 miraculo

951 1583 1042 1613 vadit
1067 1583 1236 1620 criminari,

904 1628 971 1660 Hos
1000 1627 1149 1667 profanos
1174 1630 1312 1660 recitans

954 1675 1111 1707 Christum
1137 1676 1299 1717 venerari3

868 1746 875 1753 .
906 1721 1082 1754 Trucidare
1105 1721 1244 1761 perfidos

952 1769 1001 1800 vir
1030 1769 1165 1801 crudelis
1190 1770 1325 1810 quaerit,

907 1815 941 1847 Si
965 1824 1027 1847 non
1051 1815 1103 1847 lex
1127 1818 1308 1855 nuperrime

951 1862 1019 1894 lata
1042 1862 1102 1894 cito
1124 1863 1219 1904 perit,

875 1971 881 1978 .
908 1947 1031 1979 Irritati
1055 1946 1171 1985 perfidi

954 1996 1029 2027 tunc
1052 1994 1261 2032 imperatores

907 2040 1110 2072 Praesentari
1134 2041 1281 2073 cohibent

953 2086 1015 2117 Dei
1039 2087 1204 2127 zelatores,

907 2134 990 2165 Reos
1019 2142 1075 2165 vos
1100 2137 1136 2164 ut
1159 2132 1288 2176 faciant,

953 2180 1082 2212 Domini
1108 2182 1258 2215 cultores.

868 2253 875 2259 .
904 2228 948 2259 Et
971 2236 1027 2259 vos
1052 2225 1162 2259 fantur
1185 2230 1289 2261 colere

954 2274 1111 2306 Christum
1138 2275 1329 2321 crucifixum,

905 2321 1104 2360 sempiterne
1129 2323 1236 2355 vivere

951 2367 1137 2411 profitentes
1163 2369 1274 2409 ipsum.
