1652 2615
774 138 1022 173 -115—

258 231 290 261 2.
314 229 383 261 Rex
405 239 494 262 suum
519 231 754 264 tabernaculum

365 277 402 309 In
429 278 549 317 virgine
573 279 690 310 locavit

316 323 360 354 Et
383 324 424 355 ad
450 325 635 357 salvandum
660 328 817 358 saeculum

364 370 408 402 Ut
431 372 517 411 gigas
543 373 719 404 exsultavit.

257 427 287 458 3.
313 426 437 466 Portas,
464 437 540 467 quas
565 429 636 460 Eva
661 429 818 461 clauserat

361 473 453 505 Hosti
480 476 713 517 consentiendo,

312 520 410 560 Virgo
436 521 541 553 Maria
563 526 685 554 reserat

361 566 503 599 Gabrieli
529 569 697 603 credendo,

448 661 655 696 Responsoria.

255 726 286 759 1.
315 726 409 766 Virgo
437 728 577 766 prudens
602 726 768 759 infantiam

359 774 538 806 Virtutibus
564 775 697 813 ornavit,

311 820 388 852 Mox
413 824 448 851 ut
472 820 532 852 Dei
557 822 700 853 notitiam

359 868 543 907 Intelligens
570 869 718 908 captavit,

313 915 374 945 Per
398 924 549 946 summam
575 916 769 956 diligentiam

359 962 467 1000 Ipsum
492 962 605 993 timens
630 963 754 996 amavit.

240 1008 277 1039 V.
308 1008 358 1039 Ab
379 1009 463 1039 omni
488 1009 605 1040 munda
629 1009 703 1040 vitio

310 1054 470 1087 Creatoris
498 1056 627 1087 servitio

358 1101 399 1133 Se
423 1105 520 1133 totam
547 1102 715 1141 coaptavit.

254 1158 283 1190 2.
311 1158 357 1190 Ut
381 1166 495 1189 aurora
518 1157 724 1197 progrediens

355 1205 393 1236 In
417 1203 482 1235 fide
506 1204 726 1243 perlustratur,

307 1250 398 1282 Luna
424 1249 582 1282 defectum
606 1251 748 1282 nesciens

351 1298 388 1329 In
413 1298 530 1329 mundo
557 1300 769 1337 conversatur,

306 1344 486 1376 Procedens
510 1347 546 1375 ut
569 1345 616 1376 sol
642 1344 745 1375 oriens

351 1391 470 1422 Divina
493 1391 741 1431 contemplatur3

234 1438 272 1470 V.
304 1438 481 1469 Virtutibus
505 1437 684 1479 proficiens,

303 1485 393 1516 Inter
417 1486 552 1516 adversa
575 1486 698 1524 patiens

354 1532 406 1563 Ad
433 1532 498 1563 alta
522 1532 717 1563 sublimatur.

247 1591 277 1622 3.
305 1589 524 1629 Virginitatem
552 1590 683 1620 voverat

353 1635 394 1667 Se
418 1644 543 1675 semper
567 1638 772 1675 servaturam,

304 1682 373 1714 Nec
394 1691 452 1723 per
468 1684 488 1715 J
491 1683 598 1722 oseph,
626 1682 675 1714 cui
691 1687 851 1726 nupserat,

352 1729 393 1760 Se
417 1729 507 1760 timet
530 1729 725 1770 amissuram,

304 1777 341 1808 In
367 1776 479 1818 Deum,
508 1784 599 1815 quem
625 1775 790 1818 dilexerat,

353 1823 447 1863 Spem
469 1824 572 1863 jactat
595 1826 690 1863 atque
715 1831 831 1859 curam,

234 1870 270 1902 V.
303 1871 409 1910 Optat,
435 1873 471 1901 ut
494 1879 587 1902 serva
612 1869 702 1902 fieret

302 1918 418 1949 Matris
442 1918 514 1958 Dei,
542 1918 615 1949 dum
639 1917 759 1957 legeret

348 1965 508 2006 Virginem
534 1966 718 2005 parituram.

363 2091 409 2123 In
436 2091 468 2123 2.
494 2088 721 2122 Nocturno.

444 2182 640 2218 Antiphonae.

244 2251 273 2282 1.
298 2251 336 2282 In
361 2250 509 2290 virginali
534 2249 683 2290 thalamO,

346 2297 428 2329 Dum
455 2297 599 2330 Christus
625 2298 818 2337 incarnatur,

299 2344 388 2378 Tunc
411 2345 512 2375 sancti
536 2342 629 2376 flatus
656 2343 775 2374 calamo

347 2391 484 2424 Verbum
511 2391 724 2424 abbreviatur.

934 237 964 267 2.
992 235 1016 267 Ο
1043 233 1152 267 civitas
1177 232 1299 273 refugii,

1039 282 1106 321 Qua
1131 280 1273 312 Christus
1299 280 1464 317 habitavit,

991 328 1037 359 Te
1061 336 1112 359 ros
1139 327 1283 359 caelestis
1306 325 1395 357 fluvii

1037 374 1204 406 Facundus
1228 374 1381 413 irrigavit.

934 432 964 464 3.
991 431 1091 462 Natus
1115 430 1205 461 homo
1232 430 1272 460 de
1297 430 1418 469 virgine

1037 477 1132 518 Deus,
1160 477 1213 515 qui
1238 485 1293 507 nos
1320 476 1447 517 creavit,

993 524 1079 555 Caeli
1105 523 1187 555 cives
1210 523 1242 553 in
1268 523 1418 563 sanguine

1037 570 1099 602 Suo
1124 578 1181 601 nos
1207 570 1410 602 consecravit..

1126 653 1330 688 Responsoria.

933 711 961 744 1.
987 711 1087 751 Virgo
1110 710 1280 749 respondet
1304 710 1431 741 nuntio:

1032 758 1125 796 Ecce,
1153 757 1268 788 ancilla
1291 756 1436 795 Domini;

1076 804 1273 842 Responsum
1279 812 1296 834 ο
1304 812 1394 842 quam
1401 804 1533 842 gratum!

987 851 1064 883 Mox
1089 848 1277 882 fecundatur
1300 848 1377 889 filio,

1036 898 1120 929 Deus
1142 897 1270 936 junctus
1296 898 1344 927 est
1367 896 1496 934 homini,

1081 943 1134 975 Fit
1159 943 1289 974 verbum
1313 943 1521 976 incarnatum.

920 991 955 1022 V.
986 991 1038 1022 Sic
1064 992 1157 1023 datur
1181 989 1358 1021 benedictio

1035 1038 1219 1069 Sanctorum
1244 1039 1368 1075 patrum
1392 1035 1514 1075 semini,

1083 1083 1287 1122 Complentur
1304 1083 1400 1114 verba
1416 1085 1533 1114 vatum.

930 1142 960 1172 2.
986 1141 1155 1178 Postquam
1166 1138 1321 1170 Christum
1338 1140 1534 1177 conceperat,

985 1186 1037 1217 Ad
1062 1185 1229 1217 Elisabeth
1252 1187 1405 1224 properat

1032 1232 1077 1264 Et
1099 1232 1188 1270 prior
1213 1231 1372 1270 salutavit,

983 1279 1061 1311 Mox
1086 1279 1126 1310 ad
1153 1278 1269 1310 Christi
1294 1277 1506 1317 praesentiam

985 1327 1144 1359 Johannes
1169 1325 1267 1356 sensit
1291 1324 1423 1364 gratiam

1029 1373 1074 1404 Et
1098 1372 1219 1403 clausus
1244 1371 1421 1403 exsultavit.

912 1421 950 1453 V.
982 1421 1019 1452 In
1044 1419 1172 1451 auribus
1198 1418 1349 1449 ecclesiae

984 1467 1051 1498 Vox
1076 1470 1131 1497 tua
1155 1468 1245 1497 sonet
1268 1465 1373 1503 hodie,

1029 1514 1052 1545 O
1079 1515 1154 1544 nata
1178 1512 1261 1552 regis
1287 1511 1401 1543 David.

924 1572 955 1603 3.
983 1570 1083 1601 Alvus
1105 1568 1253 1599 tumescit
1276 1568 1418 1607 virginis,

1025 1617 1109 1648 Dum
1124 1615 1279 1647 Christum
1294 1623 1406 1646 novem
1418 1614 1532 1645 mensi-

1304 1661 1363 1692 bus

1078 1709 1187 1740 Virum
1208 1707 1384 1747 perfectum
1409 1710 1520 1748 gestat,

982 1757 1032 1789 Ex
1060 1757 1140 1789 dono
1166 1755 1267 1786 saneti
1290 1753 1426 1786 flaminis

1030 1804 1098 1835 Nec
1122 1803 1227 1834 taedio
1251 1810 1310 1833 nec
1334 1801 1478 1833 tristibus

1074 1848 1185 1883 lufaus
1209 1849 1298 1880 illam
1321 1849 1484 1888 molestat3

911 1898 949 1933 V.
979 1898 1049 1930 Nox
1075 1899 1175 1930 instat
1199 1896 1272 1927 novi
1294 1896 1431 1935 luminis,

1030 1945 1111 1977 Dum
1137 1944 1265 1984 angelus
1290 1943 1469 1982 pastoribus

1076 1991 1228 2024 Messiam
1251 1989 1443 2022 manifestat.

1045 2115 1091 2147 In
1118 2115 1149 2146 3.
1173 2113 1400 2144 Nocturno.

1125 2187 1319 2222 Antiphonae.

926 2248 955 2280 1.
987 2245 1247 2288 Congratulemur
1271 2243 1396 2284 virgini,

1027 2294 1112 2333 Quae
1135 2292 1222 2331 parit
1246 2291 1313 2322 sine
1338 2297 1449 2331 poena,

982 2343 1047 2374 Pax
1076 2339 1239 2372 nuntiatur
1263 2337 1390 2376 homini,

1027 2387 1176 2426 Refulget
1200 2386 1257 2417 lux
1282 2392 1422 2416 amoena.

1322 2438 1363 2467 0¹*
