1652 2615
724 132 769 139 -
816 112 862 149 44
911 133 955 139 -.

649 205 691 236 13.
721 205 764 236 De
782 204 875 235 beata
896 203 994 236 Maria
1012 204 1048 235 V.

337 278 382 309 In
408 277 438 309 1.
464 277 575 315 Vesp
590 275 685 308 eris.

400 350 443 377 Ad
462 349 638 386 Magnificat.

209 410 249 440 A.
281 408 305 440 O
333 407 458 438 domina
482 406 665 443 clarissima,

279 453 379 485 Stella
402 452 498 483 maris
522 451 755 490 splendissima,

279 499 508 531 Destitutomm
532 498 688 536 solatium,

277 544 459 576 Eri-antium
483 544 639 582 viaticum,

281 592 380 623 Voces
404 592 528 622 tuorum
556 597 729 630 pauperum

280 637 328 669 Ne
350 637 486 677 repellas
510 638 544 668 in
568 637 737 668 saeculum.

339 750 399 781 Ad
423 749 687 780 Matutinum.

396 822 609 850 Invitatoriurn.

282 880 334 911 Ad
358 882 484 918 portum
509 879 593 910 vitae

329 927 507 964 redeuntes,
534 933 616 964 ecce,
643 925 756 966 venite,

283 972 382 1004 Stella
404 972 500 1003 maris
525 972 642 1011 rutilat,

327 1019 409 1050 hanc
431 1027 504 1049 reus
528 1018 696 1057 adspiciat.

345 1120 390 1152 In
416 1120 446 1152 1.
468 1120 691 1152 Nocturno.

419 1193 609 1228 Antiphonae.

220 1251 248 1282 1.
276 1249 370 1289 Virgo
393 1248 461 1281 Deo
484 1250 675 1289 plenissima,

277 1296 327 1328 Ad
351 1304 406 1326 nos
430 1299 484 1327 tua
503 1296 664 1335 praesidia

276 1342 458 1374 Misericors
482 1343 621 1381 propitia

279 1387 441 1427 Converte,
467 1392 576 1421 sancta
596 1390 710 1423 Maria.

221 1445 251 1477 2.
277 1444 322 1475 Te
346 1445 527 1484 genitricem
552 1446 749 1484 :plendidam

276 1489 465 1524 eonfitemur
489 1495 518 1522 et
538 1493 661 1523 unicam

276 1537 433 1569 Aeternae
456 1538 638 1578 sapientiae,

277 1583 392 1615 Sancta
415 1584 527 1627 Maria,
556 1585 688 1624 respice.

220 1641 250 1673 3.
276 1638 413 1680 Deterge
437 1642 545 1672 nostra
564 1642 694 1673 vulnera

280 1686 383 1718 Corda
407 1695 520 1718 sanans
544 1687 734 1729 languentia,

277 1732 334 1764 Cui
358 1741 452 1773 aegra
475 1733 589 1765 clamat
610 1736 729 1767 anima:

277 1778 438 1818 Succurre,
464 1784 574 1812 sancta
596 1781 710 1815 Maria.

433 1862 636 1897 Responsoria.

235 1918 265 1950 1.
292 1918 317 1949 O
342 1927 414 1958 spes
440 1919 556 1959 divina,

338 1964 390 1995 via
413 1968 490 2008 tuta,
514 1968 626 2004 potens
650 1967 816 2007 medicina,

291 2009 420 2050 Porrige
443 2012 583 2043 subsidia

336 2057 467 2099 miseriS,
495 2066 512 2088 0
537 2059 645 2089 sancta
668 2059 780 2101 Maria,

223 2103 260 2134 V.
289 2104 327 2135 In
351 2106 384 2134 te
407 2104 586 2144 gaudemuS‚

339 2158 396 2189 per
420 2154 451 2182 te
476 2151 639 2182 commissa
663 2152 813 2187 dolemus.

237 2208 268 2240 2.
294 2207 364 2240 Lux
388 2206 582 2245 indeficiens,

340 2254 517 2286 venerabile
549 2253 636 2285 sidus
661 2256 693 2285 et
716 2254 834 2294 ingens,

294 2300 446 2333 Illucesce
467 2301 522 2341 pia

340 2348 518 2381 relevandis
543 2350 652 2379 saneta
674 2347 789 2388 Maria,

875 274 916 306 V.
945 274 1107 306 Praednce
1130 278 1163 306 te
1185 275 1323 314 patriam

992 321 1148 353 tendimus
1173 322 1215 353 ad
1239 328 1396 359 superam.

891 376 921 408 3.
950 376 1123 415 Splendida
1146 379 1238 408 nocte
1264 375 1330 408 dies

994 426 1026 454 et
1050 423 1220 454 consolatio
1246 423 1343 462 dives,

948 468 1086 508 Illustra,
1113 469 1219 501 releva

994 518 1178 553 moerentes,
1203 516 1313 546 sanct-a
1335 512 1450 554 Maria,

883 559 916 590 V.
946 560 1115 593 Extremae
1139 561 1223 593 vitae
1388 582 1391 585 -

994 608 1144 646 pavidam
1197 608 1269 639 dum
1319 606 1492 638 claudimus

1271 654 1391 684 horam.

1009 747 1054 778 In
1079 749 1110 779 2.
1134 746 1191 779 No
1204 749 1366 778 cturno.

1093 819 1287 854 Antiphonae.

885 878 913 910 1,
940 876 1058 915 Quibus
1083 880 1125 914 te,
1152 876 1250 917 virgo,
1276 874 1422 906 laudibus

939 923 1097 955 Attollere
1120 923 1302 961 poterimus,

942 970 1076 1008 Quoiam
1103 968 1233 1000 sordent
1259 967 1383 1007 eloquia

940 1016 985 1048 Et,
1007 1018 1107 1054 actus,
1132 1018 1243 1047 sancta
1265 1014 1381 1047 Maria.

885 1074 915 1106 2.
941 1072 1090 1103 Emunda
1115 1071 1348 1110 conscientiam,

943 1118 1102 1150 conserva
1125 1118 1345 1157 innocentiam,

942 1164 1056 1196 Fidem
1080 1165 1112 1196 in
1137 1164 1228 1196 nobis
1253 1163 1378 1206 robora,

943 1212 967 1243 O
993 1211 1154 1242 theotocos
1179 1211 1295 1244 Maria.

886 1269 919 1300 3.
942 1267 1067 1298 Mentes
1091 1270 1216 1298 nostras
1241 1265 1382 1298 castifica

945 1314 1129 1353 Tranquilla
1155 1312 1274 1345 donans
1300 1316 1453 1354 tempora,

945 1360 1128 1392 Misericors
1152 1360 1303 1400 propitia,

943 1407 969 1439 Ο
993 1407 1156 1439 theotocos
1179 1407 1295 1440 Mane.

1089 1482 1296 1516 Responsoria.

898 1538 930 1569 1.
956 1538 980 1570 O
1007 1538 1142 1569 clemens
1168 1538 1303 1579 domina,

1002 1593 1020 1616 o
1046 1584 1287 1624 desperantibus
1310 1595 1374 1617 una

957 1631 1127 1670 Culparum
1150 1632 1242 1663 venia

1003 1678 1191 1718 largissima,
1216 1682 1326 1710 sancta
1349 1679 1463 1719 Maria,

887 1725 924 1756 V.
953 1724 1016 1756 Per
1040 1728 1072 1756 te
1097 1725 1246 1765 vivamus,

1004 1772 1047 1803 ad
1069 1775 1102 1803 te
1125 1781 1184 1811 per
1208 1776 1240 1804 te
1263 1773 1435 1807 veniamus.

901 1829 930 1860 2.
956 1829 1040 1860 Vera
1064 1828 1124 1859 Dei
1148 1829 1295 1867 genitrix,

1006 1874 1160 1905 humanae
1181 1875 1290 1914 stirpis
1312 1875 1458 1914 amat-rix,

958 1920 1010 1951 Ex
1032 1923 1064 1952 te
1084 1919 1209 1958 just-itia

1006 1967 1172 2008 processit,
1197 1970 1310 1999 sanct-a
1330 1967 1445 2008 Maria,

890 2012 927 2043 V.
958 2013 1044 2051 Quae
1069 2013 1215 2044 damnum
1239 2018 1377 2054 reparat,

1008 2060 1090 2098 quod
1103 2059 1206 2099 prima
1218 2068 1359 2100 propago
1367 2065 1506 2100 pararat.

904 2116 934 2148 3.
961 2115 1102 2154 Adspice
1125 2113 1277 2147 flebilium

1009 2162 1131 2201 supiria
1156 2162 1267 2194 crebra
1290 2166 1415 2195 tuorum

962 2210 1097 2248 Perpete
1120 2217 1179 2249 pro
1203 2209 1270 2240 vita

1009 2256 1198 2297 pulsantum,
1225 2259 1335 2288 sancta
1358 2258 1471 2300 Maria,

894 2303 931 2335 V.
961 2303 1107 2342 Attrahe,
1135 2302 1205 2343 duc,
1231 2307 1350 2347 vegeta,

1010 2349 1171 2382 venientes
1195 2350 1329 2395 suscipe,
1361 2360 1462 2387 serva.
