1652 2615
697 124 950 158 -266—

248 221 381 261 Effregit
405 230 463 262 per
485 220 547 253 iter
570 229 641 253 mox
667 219 769 252 crucis

568 276 714 307 asperum

296 315 482 347 Scandendo
506 322 602 353 super
625 314 762 345 aethera.

315 427 375 459 Ad
399 426 661 458 Matutinum.

379 499 593 526 Invitatorium.

254 556 427 597 Christum,
453 565 558 596 regem
573 564 693 598 regum,
721 554 796 586 ado-

250 612 358 636 remus
377 603 566 644 Dominum,
594 602 649 641 qui
670 602 798 632 Beatum

253 650 397 683 Potitum
445 649 598 689 martyrii
642 648 800 681 decoravit

253 697 370 738 qim-‘ich

318 801 361 832 In
390 800 419 832 1.
446 799 502 831 No
514 801 631 830 cturn
643 807 670 830 o.

400 873 577 908 Antiphonem

198 931 229 964 1.
256 930 341 970 Jesu‚
377 930 490 961 decora
516 929 659 961 caelitum

202 1127 221 1157 2

205 1321 223 1352 3

204 1515 224 1546 4

207 1712 224 1742 5

207 1906 225 1936 6

256 976 390 1015 Corolla,
416 976 497 1016 Iesu,
522 978 693 1015 martyrum

258 1024 346 1062 Spes,
374 1031 467 1054 cerne
490 1031 556 1062 nos,
583 1023 654 1053 dum
680 1021 788 1054 militis

257 1070 317 1102 Tui
343 1077 488 1101 canamus
512 1069 676 1109 proelium.

225 1151 232 1158 .
260 1125 333 1163 Cur,
359 1125 525 1164 Antonine,
552 1123 698 1163 perfuris,

258 1172 282 1204 O
310 1171 432 1214 Caesar,
458 1179 558 1210 angue
584 1170 691 1209 dirior,

258 1218 364 1249 Leone
386 1225 479 1248 saevo
503 1216 635 1257 saevior,

261 1263 322 1296 Gur
345 1263 409 1295 bile
433 1266 538 1303 turges
563 1263 680 1295 vitrea}

228 1344 234 1350 .
262 1319 332 1351 Non
358 1319 482 1357 sculpta
505 1318 618 1350 adorat
641 1327 797 1350 marmora

261 1365 328 1397 Nec
352 1365 437 1404 ligna
461 1365 561 1396 credit
585 1365 722 1404 numina,

260 1412 380 1444 Aurum
407 1411 525 1443 Potitus
552 1411 686 1450 despicit

261 1458 330 1490 Nec
353 1458 446 1489 thura
468 1458 549 1489 libat
571 1457 688 1490 Belius.

232 1539 239 1546 .
264 1513 351 1546 Dura
378 1513 546 1545 contemnit
571 1513 702 1545 verbera

264 1560 471 1599 Taetrumque
496 1559 617 1598 spernit
638 1568 803 1599 carcerem,

262 1606 330 1639 Nec
354 1615 430 1637 voce
452 1606 571 1638 blanda
589 1604 726 1638 flectitur

262 1653 366 1685 Minas
391 1661 448 1684 nec
472 1653 580 1684 horret
604 1653 722 1687 efferas,

231 1734 237 1741 .
263 1708 406 1748 Flagella
429 1708 509 1740 sicut
534 1709 601 1741 lilia

263 1756 365 1788 Sumit
389 1758 421 1786 et
444 1756 499 1787 illa
525 1755 652 1787 dedicat

261 1802 329 1834 Deo
353 1799 499 1842 flagranti
523 1807 652 1841 pectore

263 1849 352 1881 Sicut
376 1857 515 1881 rosarum
540 1848 696 1881 flosculos.

231 1931 238 1937 .
264 1905 339 1937 Olor
363 1913 421 1937 nec
445 1905 535 1936 albus
559 1905 694 1945 gestiens

264 1953 371 1990 Aquas
396 1951 553 1983 subintrat
576 1952 702 1990 vitreas,

264 1997 388 2031 Olivum
410 2001 446 2029 ut
467 1999 590 2030 intrans
614 1998 749 2030 bulliens

262 2045 379 2076 Amore
403 2045 473 2076 Iesu
498 2045 657 2084 parvulus.

402 2119 607 2153 Responsoria.

232 2202 238 2208 .
266 2176 309 2209 Ut
333 2184 412 2216 puer
436 2176 568 2216 primum
593 2176 707 2209 dubiae
724 2177 809 2209 dolo-

263 2270 382 2310 Attigit
409 2271 489 2302 vitae
514 2232 655 2309 ὒὶνίιῗιῖῑῗ1
667 2271 780 2303 relicta

261 2316 340 2349 Mox
358 2317 410 2348 via
424 2318 491 2349 lata
507 2317 627 2349 studuit
639 2327 698 2358 per
711 2322 812 2350 artam

312 2364 471 2396 Scandere
497 2365 616 2398 callem.

850 218 888 251 V.
918 219 1017 250 Totus
1040 217 1073 248 in
1101 217 1199 249 sacris
1215 215 1336 256 vigilat,
1363 213 1473 246 caduci

920 264 975 296 Nil
1018 265 1121 303 cupit,
1165 263 1270 296 divum
1304 262 1472 294 veneratur

1243 309 1348 347 aedes,

921 357 1059 390 Perculit
1081 365 1202 388 summa
1219 356 1336 395 pietate
1353 355 1470 386 trinum

968 403 1092 435 Numen
1118 405 1150 433 et
1174 411 1278 434 unum.

889 486 896 493 .
924 460 976 492 Sic
989 459 1064 499 ,iugo
1082 457 1200 490 Christi
1217 457 1339 496 puerile
1358 456 1471 487 collum

925 505 1039 538 Subdita
1062 505 1212 536 aestivam
1238 504 1336 535 aratri
1367 531 1370 537 .
1400 531 1409 537 ,
1436 531 1442 537 ,

923 553 968 585 Ut
986 553 1078 584 decet
1088 552 1191 583 sulcat
1202 550 1352 582 bonitatis
1364 558 1471 582 arvum

971 599 1105 631 Vomere
1128 599 1235 637 pacis3

886 674 893 680 .
925 647 1037 680 Cordis
1052 654 1090 676 ex
1104 654 1179 684 agro
1191 644 1326 676 tribulos
1336 643 1472 683 revellit,

926 693 1038 725 Semen
1063 693 1180 724 irrorat
1204 690 1344 722 lacrimis
1360 691 1391 721 in
1411 690 1476 722 alta

926 740 1035 772 Mente
1055 740 1206 778 jactatum
1237 766 1421 772 ......

974 786 1130 825 Tempore
1155 784 1270 824 fruges,

872 865 901 874 1.
927 843 998 874 Non
1038 841 1139 872 minus
1177 841 1296 871 caelum
1329 839 1476 879 precibus

1250 886 1364 926 fatiga-

928 939 989 976 tur,
1026 943 1116 975 quam
1142 944 1200 973 pro
1227 934 1313 965 cultu
1337 933 1476 964 lacrimis

1249 980 1424 1020 nigrentem

928 1028 1038 1060 Abluit
1048 1031 1179 1069 noctem,
1193 1026 1338 1058 Satanan]
1350 1026 1475 1066 repellit

974 1074 1128 1106 Dulcibus
1153 1073 1241 1114 odis3

889 1148 896 1155 .
928 1122 1009 1153 Diva
1029 1124 1186 1153 scrutatus
1202 1123 1403 1152 monumenta
1420 1129 1473 1153 va-

929 1214 1027 1246 Sacra
1040 1214 1185 1254 degustat
1197 1171 1375 1246 rudtilrliilenta
1392 1214 1476 1254 Iesu,

930 1261 1008 1292 Tum
1042 1260 1131 1292 Liam
1168 1261 1325 1301 stringens
1362 1259 1480 1291 fruitur

1252 1308 1393 1339 Rachele

978 1354 1068 1385 More
1092 1356 1113 1387 J
1114 1354 1214 1387 aeobi.

994 1484 1039 1516 In
1064 1486 1095 1517 2.
1123 1485 1348 1518 NocturnO.

1079 1569 1185 1605 Antiph
1190 1578 1270 1598 onae.

900 1658 907 1665 .
934 1634 1075 1667 Phoenix
1097 1638 1132 1667 ut
1153 1636 1238 1668 inter
1263 1641 1406 1668 cinnama

932 1680 1054 1713 Exusta
1076 1681 1114 1713 fit
1137 1683 1285 1723 vivacior,

934 1727 986 1759 Sic
1014 1729 1064 1760 hic
1088 1729 1192 1761 lebete
1217 1728 1339 1761 fervido

933 1775 1057 1807 Mersus
1082 1777 1218 1816 resurgit
1242 1775 1363 1812 fort-ior.

901 1854 908 1862 .
934 1831 1057 1863 Potitus
1084 1832 1185 1863 instar
1210 1833 1314 1872 ang-eli

933 1877 1049 1910 Factus
1073 1878 1138 1910 fide
1164 1878 1363 1924 fortissimus,

937 1925 1060 1957 Numen
1084 1926 1250 1958 Minervae
1276 1928 1411 1967 despicit

934 1972 1068 2012 Jovique
1092 1973 1186 2004 thura
1211 1973 1356 2013 denegat.

904 2051 911 2059 .
938 2028 1064 2060 Cunctis
1091 2032 1137 2060 est
1162 2038 1262 2069 aequa
1285 2031 1404 2069 regula,

935 2074 1073 2107 Dulcore
1094 2075 1202 2107 firmat
1227 2075 1358 2118 debiles,

934 2121 1058 2153 Virtute
1084 2121 1183 2153 fortes
1208 2123 1339 2154 roborat

937 2168 1094 2208 Utrosque
1117 2177 1224 2201 amore
1250 2168 1406 2202 confovet.

880 2226 912 2257 4.
939 2224 963 2256 Ο
989 2225 1090 2263 miles,
1115 2233 1135 2256 o
1159 2223 1332 2257 fortissime

937 2270 1069 2304 Athleta
1093 2272 1175 2313 Iesu,
1206 2273 1386 2313 sanguinem

938 2318 1022 2350 Dum
1048 2327 1160 2358 corpus
1186 2320 1272 2351 unda
1295 2320 1435 2361 profluit,

938 2366 990 2398 Ad
1016 2369 1103 2399 astra
1127 2366 1226 2399 mittis
1251 2368 1409 2407 spiritu-m.
