1652 2615
700 141 931 177 „45-

307 233 352 264 In
379 235 411 267 3.
436 234 494 267 No
506 239 662 270 cturno.

383 316 581 352 Antiphonae.

172 380 202 414 1.
230 382 439 415 Immaculata
461 385 581 417 mansio

227 427 353 460 Effecta
376 430 437 461 Dei
461 430 538 473 filio,

227 475 370 514 Antiqua
390 477 482 509 nobis
506 480 632 511 cantica

223 522 369 563 Mutasti‚
396 528 507 557 sancta
531 525 645 560 Maria.

166 607 198 639 2.
223 606 319 644 Ecce,
346 616 460 639 novum
486 609 545 640 tibi
571 609 667 641 melos

226 653 383 685 Renovati
408 656 610 695 concinimus,

223 699 315 732 Nova
339 701 449 740 adepti
473 702 590 741 gaudia

223 748 287 779 Per
311 749 354 786 te,
380 756 399 779 o
423 752 535 781 sancta
563 749 675 783 Maria.

169 833 200 865 3.
226 832 355 864 Exaudi
380 836 490 866 nostra
516 834 656 865 carmina

226 880 311 911 Acta
338 879 446 912 delens
471 881 657 920 peccamina

227 926 273 959 Et
297 925 382 958 bona
406 928 545 960 reddens
570 928 707 969 perdita,

228 973 253 1005 O
280 976 462 1006 sanctorum
486 975 694 1008 sanctissima.

382 1076 588 1112 Responsoria.

186 1143 216 1174 1.
241 1143 266 1174 Ο
293 1142 372 1173 coeli
397 1146 492 1182 porta

284 1198 368 1221 nova
401 1198 475 1229 spes
499 1190 687 1222 mortalibus
710 1193 790 1230 orta,

236 1236 316 1278 Duc,
342 1235 461 1277 refove,
484 1238 566 1269 satia

290 1287 512 1326 properantes,
542 1286 653 1316 saneta
676 1284 792 1324 Maria,

168 1331 211 1364 V.
241 1331 295 1363 Ad
320 1333 353 1361 te
377 1331 574 1371 respicimus,

288 1386 380 1417 quam
405 1380 472 1410 tota
494 1380 600 1410 mente
624 1378 757 1411 sitimus.

185 1465 214 1497 2.
242 1464 384 1505 OramuS‚
412 1463 549 1504 domina,

289 1510 393 1541 carnis
418 1519 495 1550 quos
522 1510 634 1553 crebra
659 1511 750 1543 ruina

241 1557 356 1589 Allicit
378 1558 420 1589 ad
444 1558 532 1597 vitia,

292 1604 425 1647 releves,
452 1614 470 1636 o
495 1607 607 1637 sancta
631 1605 746 1645 Maria,

172 1652 209 1685 V.
237 1652 338 1685 Parce
361 1651 464 1683 libens
488 1652 623 1691 miseris,

293 1707 375 1738 quae
399 1703 584 1732 cunctorum
609 1699 780 1732 misereris,

185 1786 216 1818 3.
245 1785 270 1817 O
296 1784 431 1823 requieS,
459 1792 477 1815 ο
501 1784 567 1824 lux,

294 1840 312 1863 o
338 1831 584 1862 clementissima
607 1830 719 1870 redux,

244 1878 298 1911 Ad
324 1878 421 1910 vitam
445 1887 560 1917 repara

290 1926 471 1964 morientes,
498 1927 610 1957 sancta
633 1924 748 1967 Maria,

173 1974 208 2006 V.
240 1975 264 2007 Ο
290 1973 390 2005 duleis
415 1973 563 2013 genitrix,

292 2021 482 2062 reparatrix,
508 2019 723 2060 propitiatrix.

1005 237 1022 269 1
1030 247 1051 269 n
1075 235 1103 268 L
1112 244 1132 267 a
1141 244 1161 266 u
1172 235 1192 267 d
1201 235 1213 266 i
1221 235 1241 267 b
1251 245 1272 267 u
1281 244 1307 270 S.

1068 300 1260 334 Antiphonae.

849 358 880 390 1.
908 358 932 390 Ο
955 360 1057 390 mater
1080 357 1163 397 regis
1187 356 1257 397 filii,

906 405 1002 443 Cujus
1026 404 1115 445 regni
1138 413 1200 435 non
1226 406 1275 435 est
1298 403 1380 440 finis,

906 452 998 483 Felix
1025 452 1092 483 dies
1117 454 1204 482 ortus
1229 452 1284 494 tui,

907 498 975 536 Qua
997 498 1131 530 illuxisti
1153 498 1296 533 saeculis.

872 578 879 585 .
907 554 969 585 Per
993 556 1025 585 te
1049 555 1159 594 lugens
1183 554 1217 585 in
1242 553 1381 585 tenebris

907 600 1115 640 Splendorem
1140 601 1207 632 veri
1232 601 1357 632 luminis

905 647 1045 679 Mundus
1071 648 1193 686 recepit
1216 648 1371 686 perditus,

906 693 1004 726 Totus
1029 694 1129 726 errori
1155 694 1290 727 deditus.

874 776 879 782 .
905 750 1055 782 Laudant
1076 752 1110 782 te
1132 752 1242 781 nostra
1264 750 1361 792 labia,

907 796 931 828 O
956 797 1044 837 virgo
1070 796 1292 839 sacratissima„

906 843 965 883 Qui
988 843 1021 875 in
1047 843 1221 875 velamento
1247 847 1372 876 tuaium

907 890 1000 921 Nunc
1025 890 1216 922 exsultamus
1242 891 1373 923 alarum.

873 973 879 978 .
908 946 1045 986 Coelum‚
1070 955 1158 978 mare
1182 949 1213 977 et
1235 947 1327 978 arida

906 993 952 1024 Te
978 993 1176 1034 benedicant,
1203 994 1339 1034 domina,

908 1039 1037 1079 Nosque
1062 1044 1094 1072 et
1117 1042 1227 1072 nostra
1251 1041 1356 1073 omnia

907 1086 1048 1119 Benedic
1074 1089 1105 1118 et
1128 1086 1301 1120 sanctifica.

873 1168 880 1174 .
909 1142 1098 1174 collaudent
1120 1142 1223 1174 Deum
1248 1148 1353 1175 omnia

907 1190 945 1220 In
969 1191 1070 1220 matre
1094 1190 1318 1230 sacratissima,

907 1235 1003 1274 Cujus
1029 1236 1140 1268 honori
1160 1236 1300 1268 debitum

907 1283 1121 1315 Persolvimus
1146 1283 1339 1323 obsequium.

1039 1357 1084 1384 Ad
1104 1356 1287 1384 Benedictus.

851 1414 891 1446 A.
923 1414 947 1446 Ο
973 1415 1156 1455 angelorum
1179 1414 1289 1455 gloria,

924 1461 948 1493 O
974 1462 1102 1500 pietatis
1129 1461 1259 1504 viscera,

922 1508 1060 1540 Subveni
1084 1508 1185 1551 nobis,
1213 1509 1350 1546 domina,

922 1556 1023 1588 Plena
1046 1555 1275 1596 misericordia,

924 1603 983 1642 Qui
1008 1604 1153 1636 sedemus
1177 1603 1211 1635 in
1239 1604 1380 1635 tenebris

923 1650 975 1682 Ad
1000 1653 1033 1681 te
1059 1650 1188 1682 directis
1213 1652 1323 1685 oculis.

988 1745 1035 1776 In
1062 1746 1093 1778 2.
1118 1744 1338 1783 vesperis„

1048 1809 1094 1836 Ad
1113 1807 1290 1844 Magnificat.

887 1891 893 1897 .
923 1866 947 1898 O
974 1874 1049 1897 vere
1073 1866 1166 1898 beata
1192 1866 1290 1905 virgo,

926 1913 973 1945 Te
997 1914 1097 1945 omnis
1123 1913 1285 1952 generatio

924 1961 1106 1999 Praedicat‚
1134 1960 1248 2001 diligit,
1274 1960 1385 1992 laudat

922 2007 965 2039 Et
991 2007 1177 2040 advocatam
1201 2007 1337 2047 invocat,

921 2054 1137 2086 Interventrix
1162 2057 1229 2086 esto
1254 2054 1308 2094 pia

924 2102 987 2134 Pro
1010 2102 1114 2144 nobis,
1139 2104 1251 2134 sancta
1273 2101 1389 2134 Maria.

248 2200 334 2227 Brev.
361 2207 414 2226 ms.
441 2199 617 2226 Trevirense
642 2205 718 2224 saec.
746 2194 790 2223 12.
836 2194 905 2222 God.
931 2195 1079 2222 Tr.eviren
1106 2192 1171 2222 428.
1200 2195 1264 2222 add.
1295 2203 1370 2223 saec.
1400 2191 1476 2221 1³54.

171 2239 205 2265 A.
234 2251 271 2256 —
298 2237 382 2263 Brev.
409 2245 463 2264 ms.
488 2236 599 2264 Montis
627 2243 650 2262 s.
678 2235 792 2262 Mariae
816 2231 958 2260 saec.14.
1000 2232 1351 2268 God.Guelfenbyte1·.an
1379 2232 1476 2259 Helm.

171 2273 237 2303 319.
258 2276 291 2302 Β
315 2289 350 2293 -
374 2275 464 2310 Antip
465 2275 494 2301 h.
518 2282 571 2301 ms.
593 2274 622 2300 S.
643 2272 773 2308 Ludgeri
793 2270 1004 2299 Helmstadien.
1024 2269 1058 2303 (⁹)
1078 2279 1152 2299 saec.
1175 2269 1218 2298 14.
1239 2242 1319 2297 y.Cod
1340 2271 1366 2299 G
1368 2270 1476 2297 'lelfen-

171 2314 209 2348 by
212 2315 302 2342 teran.
323 2313 398 2340 Nov.
418 2284 483 2340 310.
512 2312 542 2339 O.
564 2326 601 2329 —
620 2307 709 2338 Inl.
730 2310 833 2345 Vesp.

861 2308 958 2336 haben
987 2309 1034 2336 ΒΟ
1058 2309 1124 2336 funs
1141 2307 1203 2341 ΑΑ,
1229 2317 1288 2335 von
1315 2308 1409 2337 denen
1429 2308 1478 2338 die

171 2352 249 2378 erste
270 2351 294 2378 Ο
314 2350 434 2378 domina
453 2350 619 2378 clarissima
639 2351 693 2378 etc.
734 2349 792 2375 Die
810 2347 875 2374 vier
895 2346 1006 2374 andern
1025 2347 1139 2376 lauten:
