1652 2615
715 136 971 172 -111—

264 228 301 259 In
326 236 418 266 quam
444 238 565 261 summa
588 231 687 263 deitas
886 235 916 265 2.
943 234 1039 275 Virgo
1065 241 1132 264 eum
1155 232 1278 264 laetitia

311 275 486 306 Aeternum
511 276 641 309 verbum
667 281 790 320 stravit,
989 280 1153 312 Elisabeth
1178 280 1208 310 in
1235 278 1369 310 Domino

265 319 351 357 Quae
376 329 410 352 se
436 330 505 353 cum
528 326 619 355 tanta
641 326 744 364 gratia
942 327 1055 366 Sei-vit,
1082 335 1142 365 quo
1166 325 1301 357 infantia

265 366 393 399 Servire
421 378 499 407 prae
523 370 647 402 laetitia
990 374 1141 406 Laetatur
1165 374 1197 404 in
1223 373 1351 413 gremio.

313 413 472 455 cognatae
497 419 699 457 manfflPffi'it·
886 432 916 463 3.
943 431 1026 462 Dum
1051 429 1160 468 sitivit,
1185 427 1389 468 pertransivit

195 460 230 492 V·
261 459 338 512 Ἐφ’
536 511 541 517 ,
989 478 1155 509 Desertam
1177 479 1264 507 terra
1286 475 1402 507 inviam

267 507 403 546 Vw‘ffldla
429 510 552 555 deserta,
943 525 996 556 Ad
1023 525 1182 564 cognatam
1210 523 1468 562 impraegnatam,

312 556 398 593 quod
421 556 490 589 alta
515 557 626 589 cedrus
644 560 807 598 paradisi.
992 571 1107 603 videre
1133 570 1192 601 Dei
1217 570 1358 609 g1orjam‚

886 627 917 657 4.
945 627 1084 666 Virginis
1110 626 1286 657 humilitate

374 677 402 708 A
415 677 434 708 d
460 677 488 709 L
497 688 516 710 a
524 688 544 710 u
555 678 574 709 <1
586 687 603 709 e
611 688 636 711 s.
990 672 1186 705 Benedicant
1209 671 1377 703 Dominum

945 719 1082 762 Caelum,
1097 722 1192 756 terra,
1208 728 1288 758 quae
1300 719 1492 758 praegnatae

409 751 603 787 Antiphonae.
991 767 1086 798 Venit
1110 766 1150 797 ad
1175 766 1348 799 servitium.

210 818 237 848 l.
264 816 419 849 Decorem
447 820 549 850 earnis
574 819 679 850 induit
886 823 916 853 5.
944 822 1056 854 Omnes
1080 830 1142 854 una
1168 830 1234 852 eum
1257 821 1364 853 Maria

310 864 361 895 Ex
386 865 467 897 caeli
491 866 577 898 Deus
602 875 674 897 rore
992 869 1115 901 Christo
1142 868 1249 900 demus
1273 868 1413 908 gloriam,

264 910 302 943 In
327 912 458 955 virgine,
487 921 566 953 quae
592 913 691 953 viguit
944 915 1040 954 Quem
1063 915 1226 947 laudemus
1251 923 1334 946 nune
1357 914 1389 945 in
1416 913 1477 944 via.

313 957 496 991 Castissimo
521 960 652 999 pudore.
991 962 1035 994 Ut
1064 963 1159 994 ducat
1183 962 1223 993 ad
1248 962 1394 1001 patriam.

267 1032 352 1060 Brev.
373 1042 425 1061 ms.
447 1034 661 1062 Sarisberiense
680 1043 753 1062 saee.
780 1033 823 1063 1²0.
857 1035 925 1064 Cod.
946 1036 1108 1064 Londinen.
1129 1036 1199 1071 Reg.
1223 1033 1241 1061 2
1261 1035 1285 1062 Α
1305 1033 1371 1062 XH-
1393 1048 1429 1052 --
1449 1033 1492 1059 In

195 1069 218 1097 1.
244 1071 347 1106 Vesp.
376 1069 397 1096 A
423 1069 455 1105 2,
481 1070 498 1100 3
518 1072 575 1099 Per
600 1080 687 1105 quam
712 1074 743 1099 in
770 1073 865 1100 artion
890 1073 1011 1108 scopuli.
1039 1089 1074 1093 —
1100 1073 1144 1099 Ad
1169 1073 1268 1108 Magn.
1295 1071 1331 1104 A,
1360 1069 1373 1097 1
1396 1072 1419 1097 O
1450 1079 1491 1097 er-

191 1109 286 1143 giinzt.
314 1122 349 1127 —
374 1108 416 1135 In
443 1108 466 1136 1.
487 1111 588 1137 Noet.
612 1107 631 1135 R
655 1108 685 1142 1,
711 1110 729 1137 8
749 1111 985 1137 commovebitur.
1007 1126 1043 1131 —
1066 1110 1084 1136 Β
1106 1108 1132 1145 2,
1153 1111 1171 1138 3
1190 1112 1273 1146 virgo
1294 1110 1373 1137 fehlt.
1395 1122 1430 1127 ——
1452 1108 1489 1134 In

190 1145 216 1172 2.
231 1147 334 1173 Noet.
351 1144 371 1171 R
392 1144 418 1179 2,
440 1145 457 1173 2
471 1148 602 1182 graditur
625 1156 657 1174 se
675 1156 744 1175 vere
763 1155 891 1184 gravam.
913 1163 948 1167 —-
964 1145 984 1173 R
1005 1146 1031 1180 2,
1053 1149 1070 1176 3
1083 1149 1154 1176 Sero
1176 1150 1245 1183 quia
1259 1147 1438 1182 praegnanti.
1490 1161 1491 1164 =

188 1184 231 1210 In
258 1182 284 1211 3.
305 1184 406 1211 Noet.
428 1183 450 1210 A
480 1183 508 1218 1,
528 1184 548 1212 4
566 1186 649 1211 venit
667 1185 751 1212 hune.
772 1200 809 1204 —
830 1183 851 1209 A
873 1182 905 1218 2,
926 1183 943 1211 2
964 1194 1047 1213 mons
1072 1187 1158 1213 ieri-ei
1179 1194 1211 1212 se
1230 1188 1328 1212 movet
1347 1185 1434 1211 omni.

190 1219 212 1246 Α
234 1219 260 1255 2,
281 1218 298 1248 3
319 1221 393 1249 Nisa
413 1231 470 1257 quo
491 1223 597 1250 valeat.
676 1221 698 1248 Α
719 1221 745 1256 3,
769 1221 783 1249 1
800 1222 918 1249 Ventris
938 1224 970 1249 in
990 1224 1135 1251 obstenso.
1157 1238 1195 1242 —
1218 1221 1237 1248 R
1262 1222 1286 1256 1,
1309 1221 1323 1249 1
1336 1222 1490 1262 Lstfi‘ff’n·

187 1260 283 1323 {epifi
318 1276 324 1279 -
345 1257 398 1322 ΑΑΒ
428 1257 461 1293 2,
490 1258 507 1285 5
528 1262 565 1325 uit1
579 1260 685 1295 grand3
712 1268 802 1288 aevae
822 1260 902 1286 fehlt.
921 1276 960 1280 —
978 1261 1024 1287 Ad
1043 1260 1216 1288 Benedictus
1238 1261 1297 1287 und
1317 1260 1437 1294 Magmr.
1461 1268 1491 1284 n]

209 1316 215 1322 .
264 1304 322 1332 esp.
413 1305 545 1332 prosaise
568 1317 574 1323 .

630 1407 675 1439 35.
705 1408 748 1439 De
767 1408 956 1440 Visitatione
976 1408 1063 1439 BMV.

332 1487 378 1518 In
405 1488 435 1520 1.
463 1488 568 1528 Vesp
581 1487 676 1519 eris.
884 1489 914 1520 5.
941 1487 1133 1519 Praecursor
1156 1487 1267 1518 laudat
1291 1485 1470 1526 Dominum,

484 1572 490 1578 ,
939 1534 1093 1566 Dominus
1117 1534 1230 1573 implet
1252 1534 1410 1565 servulum

423 1570 617 1606 Annphonae.
941 1581 1064 1621 Spiritu
1088 1581 1264 1620 sapientiae

205 1628 236 1660 1.
261 1626 398 1660 Mariam
420 1629 534 1660 missus
560 1629 690 1661 caelitus
940 1629 1046 1668 Atque
1068 1628 1305 1668 intelligentiae.

263 1674 347 1728 Cum·
367 1675 537 1707 SstllltflSSsst
561 1677 701 1718 angelus,
869 1684 908 1718 R.
940 1685 1079 1717 Granum
1105 1685 1188 1724 quod
1215 1685 1298 1716 vitae
1322 1691 1458 1715 moriens

261 1722 392 1774 Feftffla
417 1726 539 1754 montes
564 1723 655 1775 Zdfit,
988 1733 1140 1764 Fructum
1164 1730 1278 1763 afferre
1303 1733 1442 1769 venerat,

259 1769 428 1801 Ehsabeth
449 1770 610 1803 salutavit.
940 1779 978 1811 In
1002 1780 1073 1811 alvo
1098 1778 1208 1810 matris
1234 1779 1338 1810 oriens

204 1837 235 1868 2.
263 1835 446 1867 Adventum
471 1836 584 1867 summi
605 1836 723 1875 judicis
989 1827 1162 1866 Antiquum
1186 1824 1410 1865 stupefecerat,

263 1883 381 1915 Praeco
408 1883 532 1916 clausus
556 1883 590 1914 in
616 1886 704 1915 utero
940 1873 1025 1906 Hinc
1050 1875 1167 1905 Clamat
1191 1873 1337 1904 GXSffieDS

263 1930 424 1971 Cognovit,
448 1940 538 1971 quem
564 1934 637 1970 post
659 1932 776 1964 indicis
988 1922 1130 1961 Beatam,
1154 1929 1237 1973 §luae
1264 1920 1453 1953 crediderat-

260 1978 501 2012 Demonstravit
522 1979 682 2018 obsequio.
871 1968 908 2000 V·
940 1969 1049 2009 Plena,
1075 1969 1186 2007 issqfflta

989 2016 1055 2048 Deo
1084 2018 1115 2047 et
1139 2015 1274 2054 homine,

942 2064 1062 2096 Cuncta
1087 2071 1218 2094 cernens

986 2110 1020 2142 in
1044 2110 1251 2151 plenitudine.

202 2046 233 2077 3.
259 2045 360 2076 Beata
385 2043 446 2076 Dei
470 2044 617 2085 genitrix,

258 2091 374 2130 Maria,
409 2092 506 2123 decus
530 2092 698 2134 virginum,

262 2139 421 2178 cognatae
445 2148 520 2171 suae
545 2139 700 2172 obstetrix

260 2185 316 2219 Fit
339 2195 444 2226 regem
467 2190 598 2227 portans
624 2187 772 2221 omnium.
1065 2194 1111 2222 Ad
1130 2193 1307 2231 Magnificat.

204 2253 236 2285 4.
264 2250 356 2285 Nova
381 2253 520 2285 condens
547 2255 578 2285 et
603 2255 712 2285 vetera
870 2254 908 2284 A.
940 2254 989 2285 Tu
1005 2252 1158 2293 templum
1175 2261 1315 2283 summae
1327 2251 1479 2283 trinitati..

257 2298 525 2332 Demonstrantur
548 2299 582 2332 in
607 2300 738 2344 virgine,
986 2300 1101 2339 Maria,
1127 2299 1216 2338 virgo
1242 2299 1407 2339 virginum,

260 2345 419 2378 Johannes
444 2356 503 2387 per
526 2347 618 2381 initia
940 2349 1026 2387 Quae
1050 2349 1156 2387 gestas
1180 2346 1285 2376 lumen
1309 2345 1464 2386 veritatis,

261 2392 411 2432 Cognitus
437 2394 654 2429 saluberrima.
987 2397 1105 2436 Regem
1129 2402 1237 2434 regum
1262 2393 1468 2433 altissimum3
