1652 2615
745 131 1000 165 —113—

221 220 257 252 V.
291 223 384 255 Jesus
409 225 527 266 noster,
553 224 645 256 Jesus
669 225 770 258 bonus

293 269 370 300 Piae
394 270 504 301 matris
529 271 616 310 pium
642 281 718 303 onus

339 315 430 347 Fecit
455 317 534 348 haec
558 319 724 358 magnalia.

220 370 258 401 R.
291 371 421 403 Secreta
446 374 527 404 caeli
552 374 751 406 transcendit

291 418 398 450 Mater
424 419 551 462 Christi,
585 421 657 452 dum
683 422 828 453 ascendit

337 465 492 497 Montana
516 476 625 507 gressu
650 468 733 511 agili,

294 512 410 544 ventre
436 514 575 545 clausum
601 515 755 546 reseravit

286 558 331 589 Et
354 560 493 592 Johanni
519 561 747 592 demonstravit

335 605 474 638 Verbum
498 608 601 646 patris
627 608 790 649 altissimi3

287 653 375 691 Quod
402 656 490 684 vates
515 657 550 685 ut
576 655 749 694 conspexit,

285 699 404 731 Mentis
430 701 554 733 oculum
582 701 698 732 direxit

332 746 369 778 In
399 747 588 779 salvatorem
614 748 742 780 saeculi.

244 819 251 825 .
284 792 494 832 Cognatarum
518 797 595 826 tunc
619 795 660 826 ad
685 798 803 826 tactum

286 840 393 871 Claret
417 841 548 874 verbum
574 850 646 873 caro
675 840 791 873 factum

330 887 451 928 Insigni
476 888 637 921 miraculo.

347 981 391 1012 In
418 983 448 1014 3.
475 982 709 1016 Nocturno,

424 1055 618 1091 Antiphonae.

247 1137 254 1144 .
283 1112 451 1144 Cantemus
476 1113 580 1144 laudis
608 1113 760 1145 canticum

282 1159 406 1191 Christo
432 1160 521 1191 suavi
543 1160 655 1201 jubilo,

278 1207 375 1246 Quem
401 1210 489 1239 vates
512 1207 601 1238 novit
624 1207 792 1238 Dominum

277 1254 410 1286 Clausus
432 1254 464 1285 in
490 1254 600 1285 matris
622 1257 722 1287 utem.

243 1334 250 1341 .
276 1310 426 1342 Exsultet
448 1312 535 1341 terra
558 1318 705 1350 propere,

276 1357 400 1389 Multae
422 1357 581 1388 laetentur
604 1357 735 1399 insulae,

275 1404 336 1446 En,
366 1412 437 1435 rore
462 1407 590 1435 sanctus
615 1404 745 1444 spiritus

277 1451 400 1483 Nubem
431 1451 567 1490 replevit
593 1451 732 1484 caelitus,

239 1532 245 1539 .
272 1509 429 1540 immenso
453 1508 570 1547 gaudet
590 1507 691 1546 jubilo

272 1553 385 1586 infans
411 1555 521 1586 matris
545 1555 578 1585 in
602 1556 702 1595 utero,

271 1602 377 1634 Maria
403 1602 477 1634 dum
502 1601 654 1633 altissimo

272 1649 366 1681 Hunc
390 1649 531 1681 visitavit
554 1647 630 1681 filio.

408 1719 614 1754 Responsoria.

238 1798 244 1804 .
271 1771 423 1803 Exsultat
448 1772 571 1802 clausus
596 1773 686 1802 utero

270 1817 431 1850 „Iohannes
455 1819 568 1858 plenus
593 1818 708 1858 spiritu

270 1866 472 1897 Adveniente
495 1865 640 1905 Domino,

270 1913 331 1952 Qui
356 1913 506 1945 mundum
533 1913 571 1944 ab
596 1913 727 1944 interitu

268 1961 489 1993 Descenderat
512 1961 702 1999 salvaturus,

267 2008 374 2040 Morte
398 2008 494 2040 vitam
519 2010 724 2041 mercaturus.

227 2081 234 2087 .
266 2054 437 2095 Cognatam
460 2056 534 2087 dum
558 2055 668 2087 visitat

316 2102 469 2135 Caelestis
495 2103 614 2143 regina,

266 2149 437 2183 Dominum
461 2150 644 2190 magnificat

315 2197 414 2229 Plena
442 2197 545 2236 gratia
571 2197 688 2228 divina.

209 2254 239 2285 2.
266 2252 356 2285 Tunc
378 2251 504 2284 refulsit
527 2253 633 2284 lumen
660 2253 779 2284 clarum

268 2298 304 2330 In
330 2300 474 2333 convalle
497 2300 710 2341 tenebrarum,

268 2345 350 2376 Dum
376 2356 487 2378 munus
513 2350 561 2378 tot
583 2347 755 2387 gratiarum

316 2393 439 2425 Prodiit
466 2394 633 2433 divinitus,

250 2454 376 2480 Dreves,
393 2452 513 2477 Historiae
527 2452 681 2481 rhythmicae.
710 2452 749 2475 lv.

972 226 1023 258 Ex
1049 228 1088 268 te,
1115 226 1264 257 virtutum
1290 226 1408 267 regina,

973 273 1057 311 Quae
1080 272 1246 304 Elisabeth
1271 271 1386 304 festina

1018 320 1093 352 Tuis
1118 320 1251 351 honoras
1275 319 1445 359 gressibus,

932 393 939 400 .
970 366 1079 398 Dulcis
1104 367 1260 398 emanavit
1283 367 1368 398 rivus

971 414 1078 445 Mellis
1105 422 1171 444 cum
1198 413 1370 447 stillicidio.

1078 535 1137 566 Ad
1162 534 1336 566 Laudes.

1111 608 1302 644 Antiphonae.

933 692 939 698 .
967 666 1056 697 Haec
1081 667 1228 697 caelestia
1252 674 1368 698 arcana

965 712 1045 744 Sunt
1071 713 1182 744 devote
1208 712 1405 754 celebranda,

965 759 1070 791 Mater
1094 759 1211 791 Christi
1238 760 1309 790 dum
1334 763 1482 791 montana

964 807 1054 846 Adit,
1083 815 1170 846 V1rgo
1195 806 1384 838 veneranda.

932 886 939 893 .
966 862 1129 894 Elisabeth
1155 862 1201 893 ait
1223 862 1296 901 piae

961 908 1061 941 Matri
1085 908 1212 940 Domini
1236 908 1375 940 Mariae:

961 955 1055 987 Unde
1078 955 1163 993 mihi,
1191 956 1274 995 quod
1301 964 1349 987 me
1375 956 1481 996 adisti,

961 1003 1064 1034 Prolis
1088 1005 1189 1034 mater
1210 1002 1415 1035 adorandae?

927 1083 934 1089 .
960 1058 1068 1097 Beata,
1096 1067 1176 1097 quae
1199 1058 1352 1090 oboedisti

959 1105 1080 1144 Angelo
1104 1107 1135 1135 et
1159 1105 1324 1136 credidisti

959 1151 1038 1193 Deo,
1064 1154 1175 1182 cuncta
1198 1152 1423 1191 implebuntur,

959 1198 1043 1236 Quae
1067 1197 1107 1229 ab
1133 1206 1168 1229 eo
1193 1199 1427 1237 promittuntur.

926 1279 932 1286 .
958 1253 1154 1286 Benedicant
1179 1257 1342 1285 creaturae

956 1299 1115 1332 Infantem
1141 1302 1271 1341 virginis
1293 1310 1401 1340 purae,

956 1347 1096 1379 Mentem
1121 1349 1169 1379 sui
1194 1349 1421 1388 praecursoris,

956 1394 1045 1433 Quod
1069 1394 1181 1435 implet
1205 1394 1276 1427 favo
1302 1396 1427 1429 amoris,

923 1477 929 1483 .
958 1450 1095 1492 Caelum,
1122 1453 1208 1481 terra
1234 1453 1328 1490 atque
1351 1460 1438 1482 mare

956 1497 1055 1528 Decet
1078 1506 1162 1528 nunc
1186 1498 1426 1536 symphonizare

953 1543 1060 1575 Jubilo
1087 1544 1187 1576 dulcis
1213 1545 1359 1576 carminis

951 1591 988 1622 In
1013 1591 1139 1623 laudem
1164 1594 1272 1622 tantae
1297 1592 1437 1632 virginis.

1069 1675 1115 1702 Ad
1134 1675 1298 1702 Benedictu:
1304 1689 1316 1702 ε.

912 1767 918 1773 .
952 1742 1082 1774 Clausus
1106 1741 1310 1773 ineffabiliter

999 1790 1081 1821 Puer
1109 1789 1315 1829 tripudiabat,

949 1836 1054 1869 Maria
1079 1837 1152 1868 dum
1175 1836 1342 1869 Elisabeth

997 1884 1120 1916 Devote
1148 1883 1315 1922 salutabat,

948 1931 1102 1963 Montana
1125 1931 1238 1971 plausu
1263 1931 1358 1962 nimio

998 1978 1117 2010 Cuncta
1137 1978 1404 2019 jucundabantur,

948 2026 1029 2058 Dum
1056 2026 1201 2059 Johanne
1224 2026 1376 2065 mysteria

995 2073 1113 2105 Divina
1137 2074 1356 2113 vulgabantur.

1018 2197 1062 2228 In
1086 2199 1117 2229 2.
1144 2197 1362 2235 Vesperis.

1065 2280 1110 2307 Ad
1130 2279 1308 2315 Magnificat.

874 2347 915 2380 A.
947 2348 1143 2387 Praeparata
1168 2346 1206 2378 ab
1233 2349 1359 2377 aeterno

992 2395 1098 2426 Mater
1122 2393 1183 2425 Dei
1205 2391 1270 2424 filio

1312 2449 1330 2476 ὅ
