1652 2615
218 374 248 409 1.

218 761 237 792 02

209 1912 251 1945 A.

726 129 980 164 —187—

627 218 673 249 62.
703 219 739 251 In
756 221 847 252 Festo
866 221 987 252 Mariae
1004 221 1097 252 nivis.

342 265 388 296 In
414 266 444 297 1.
472 267 682 305 vesperis.

421 330 617 365 Antiphonae.

278 377 413 416 Vellere,
442 378 576 418 Christe,
601 381 710 413 mades

323 423 357 454 in
381 424 504 464 virgine
530 426 583 465 qui
610 426 780 471 Gedeonis,

275 469 392 502 Matris
417 470 501 503 festa
523 472 587 504 tuis

326 526 406 558 auge
432 519 547 550 devota
570 519 698 551 colonis.

243 591 250 600 .
279 567 365 605 Quae
391 570 585 608 despicantis

324 616 448 647 maduit
470 620 547 647 tunc
571 624 647 647 area
668 617 739 655 viri,

276 661 418 700 Virginis
445 662 587 694 exhibuit

323 710 477 747 templum
498 710 571 742 nive
587 711 619 739 te
636 711 827 748 generantis.

242 784 250 792 .
276 759 409 791 Patricii
434 763 508 792 vota

324 806 411 838 Deus
433 806 575 846 inspexit
598 806 680 838 bene
703 810 798 848 mota,

277 851 418 885 Exhibet
442 854 516 885 huic
540 854 660 896 aedem,

326 900 383 931 sub
410 909 471 939 qua
495 909 529 932 se
554 899 632 931 fecit
655 902 815 934 heredem.

277 950 315 983 In
340 951 459 982 nivium
485 950 577 991 festo,

325 1000 427 1029 mater
438 998 577 1037 Domini,
603 1006 723 1030 memor
749 1002 826 1038 esto,

278 1043 380 1075 Ferre
403 1044 520 1076 bonum
543 1047 673 1084 maesto,

324 1091 379 1129 pia
403 1091 446 1122 sis
471 1092 520 1123 illi
544 1099 640 1131 prece
665 1095 802 1131 praesto.

245 1168 252 1174 .
279 1140 345 1173 Nos
368 1142 441 1174 nive
466 1143 612 1174 candoris

327 1186 472 1229 frigefac,
499 1190 591 1228 bona,
616 1197 657 1220 ne
671 1190 828 1222 caleamus

278 1234 430 1268 Aestibus
455 1235 605 1273 horroris,

328 1281 408 1312 bene
417 1282 555 1320 psallere
565 1282 649 1320 quod
659 1283 831 1314 valeamus.

282 1331 367 1363 Caeli
392 1333 511 1374 regina⁷

329 1379 420 1410 nobis
446 1380 530 1411 vitae
553 1380 721 1420 medicina,

282 1425 386 1457 Aures
411 1426 540 1467 inclina,

330 1481 370 1503 ne
394 1476 511 1504 stemus
536 1474 622 1505 sorte
646 1474 768 1512 supina.

397 1537 442 1564 Ad
461 1536 642 1573 Magnificat.

281 1584 469 1624 Magnificat
492 1586 664 1617 Dominum

327 1634 436 1663 natum
452 1633 543 1672 plebs
561 1632 692 1672 virginis
704 1633 832 1675 almum,

280 1678 340 1717 Qui
363 1679 483 1711 nivium
510 1679 601 1711 donis

330 1726 511 1758 dominatur
536 1727 569 1758 in
592 1734 696 1765 ungue
720 1727 832 1759 leonis.

303 1802 365 1833 Ad
392 1801 736 1841 Completorium.

371 1861 417 1888 Ad
438 1862 524 1890 Nunc
544 1862 675 1890 dimittis.

285 1909 419 1952 Christe,
447 1913 534 1942 tuum
560 1918 684 1942 servum

328 1957 435 1989 mittas
460 1958 494 1989 in
518 1965 599 1997 pace
623 1958 818 1998 protervum,

280 2004 374 2037 Muta
398 2005 536 2045 decreta,

332 2054 387 2083 tua
412 2054 514 2084 mater
539 2051 631 2084 adest
654 2053 834 2091 proseneta.

340 2128 404 2159 Ad
428 2127 697 2160 Matutinum.

418 2183 634 2211 Invitatorium.

283 2231 342 2271 Qui
368 2231 459 2263 dedit
480 2234 517 2263 ut
540 2232 644 2263 lanam

329 2278 412 2310 nivis
436 2278 579 2319 imbrem,
607 2275 811 2317 glorificetur,

280 2325 422 2365 Virginis
448 2331 479 2357 et
502 2324 613 2360 matris

329 2371 416 2403 Deus
436 2373 472 2403 in
496 2371 580 2404 festo
605 2373 786 2404 veneretur.

1019 274 1065 304 In
1093 272 1123 304 1.
1149 271 1375 304 Nocturno.

1101 354 1294 390 Antiphonae.

900 422 930 454 1.
955 421 1115 461 Resplend
1121 424 1174 452 ent
1198 430 1304 461 opera,

891 1605 929 1638 V.

908 1719 938 1752 3.

909 2228 940 2262 1.

1008 469 1186 508 digitorum,
1212 468 1346 508 Christe,
1370 469 1506 507 tuorum,

961 515 1101 555 Virginis
1128 515 1251 554 eulogia

1008 562 1081 593 dum
1098 563 1184 592 stant
1194 570 1253 600 pro
1266 565 1360 600 parte
1370 569 1504 595 reorum,

964 626 1095 658 Format
1119 626 1147 657 ei
1171 627 1323 665 templum

1005 672 1160 704 Dominus
1185 673 1217 703 in
1242 674 1309 704 sole
1332 672 1444 712 leonis,

963 719 1101 759 Virginis
1129 720 1305 759 exemplum

1007 767 1090 805 quod
1100 766 1141 797 ad
1150 766 1252 797 instar
1259 767 1315 798 dat
1321 766 1506 798 Salomonis

926 856 932 862 .
960 831 1120 863 Fundavit
1145 830 1299 862 Dominus

1007 879 1048 909 ad
1072 878 1223 909 honorem
1247 878 1377 918 virginis
1395 878 1506 917 almae,

959 924 1081 956 Dextra
1104 932 1183 963 quae
1206 925 1331 964 palmae

1006 971 1135 1009 residet,
1153 972 1304 1010 templum
1317 970 1506 1010 speciosum.

1096 1054 1305 1088 Responsoria.

927 1145 933 1151 .
962 1118 1086 1150 Gaudia
1111 1128 1296 1157 quaeramus

1008 1166 1127 1196 animos
1152 1168 1276 1197 nostros
1303 1168 1493 1206 recreantes,

959 1212 1057 1243 Festa
1079 1212 1284 1243 recondamus

1009 1258 1155 1289 dominae
1167 1267 1249 1289 nova
1260 1257 1509 1299 magnificantes,

962 1304 1088 1336 Gaudet
1113 1307 1145 1335 et
1167 1305 1200 1335 in
1221 1308 1296 1336 nato

1008 1351 1177 1383 benedicta
1200 1351 1305 1383 Maria
1325 1351 1476 1391 jucundo.

928 1440 935 1448 .
959 1416 1022 1456 En,
1048 1425 1126 1456 opus
1151 1417 1274 1457 insigne

1008 1463 1119 1495 matris
1144 1467 1234 1502 patet
1258 1464 1291 1495 in
1315 1464 1388 1496 nive
1407 1463 1511 1505 digne,

961 1510 1025 1541 Nix
1051 1510 1147 1549 friget
1172 1513 1202 1541 et
1226 1511 1349 1550 candet,

1009 1567 1083 1589 rara
1107 1560 1165 1596 est,
1191 1558 1288 1599 albet,
1313 1557 1385 1590 fluit
1406 1558 1499 1597 igne,

961 1605 1023 1636 llla
1046 1604 1128 1636 nivis
1150 1605 1225 1643 J'ura

1009 1654 1097 1683 tenet
1119 1651 1152 1682 in
1178 1660 1212 1682 se
1237 1652 1325 1691 virgo
1350 1651 1464 1684 Maria.

964 1718 1056 1749 Hanc
1080 1717 1199 1749 nivium
1227 1717 1317 1748 donis

1011 1764 1259 1803 circumscripsit
1282 1764 1457 1797 Salomonis

965 1810 1082 1850 Codex,
1110 1814 1157 1841 est
1180 1811 1316 1850 pulchra

1011 1859 1109 1899 virgo,
1137 1858 1194 1889 sed
1221 1858 1358 1890 candida
1381 1860 1457 1901 tota,

961 1905 1005 1937 Et
1028 1904 1125 1946 friget
1147 1905 1181 1936 in
1209 1908 1285 1946 toto,

1012 1962 1072 1985 non
1101 1953 1150 1983 est
1171 1952 1219 1984 ibi
1243 1960 1337 1984 sensa
1360 1952 1471 1984 libido.

1027 2095 1073 2127 In
1099 2095 1131 2127 2.
1157 2093 1386 2127 Nocturno.

1108 2169 1303 2204 Antiphonae.

965 2228 1136 2260 Eructavit
1160 2236 1214 2258 cor

1013 2276 1142 2307 verbum
1160 2276 1295 2314 gratum,
1322 2272 1395 2311 quia
1410 2270 1517 2305 fervor

965 2322 1105 2362 Virginis
1131 2320 1172 2351 ad
1199 2320 1357 2357 Christum

1013 2375 1182 2401 conversus
1208 2367 1342 2398 contulit
1362 2366 1469 2398 istum.
