1652 2615
696 133 954 160 *2164—

926 220 994 258 Qua
1018 223 1106 253 vetus
1132 229 1220 253 error
1243 221 1354 254 vanuit

925 266 970 298 Et
992 276 1075 300 nova
1098 269 1149 300 lex
1174 268 1371 307 praevaluit3

926 313 1118 353 Victorinus,
1145 316 1195 346 vir
1217 315 1356 353 inclitUS,

924 360 977 391 Ad
1001 369 1057 392 nos
1081 360 1195 392 missus
1219 361 1379 400 divinitus,

924 405 1057 438 Nostras
1082 407 1228 438 tenebras
1254 406 1397 439 funditus

923 451 998 483 Luit
1018 454 1068 486 vir
1085 454 1286 493 apostolicus.

318 241 366 272 In
390 241 423 273 2.
447 240 662 280 Vesperis.

368 340 414 367 Ad
432 341 608 377 Magnificat.

186 407 222 439 A.
251 406 301 438 De
326 407 419 438 caelis
443 406 545 447 fulgor
571 408 693 447 claruit,

253 453 290 484 In
315 453 407 485 terris
432 454 486 485 lux
510 454 666 497 apparuit,

257 536 340 562 Brev.
359 544 411 562 ms.
431 534 460 562 S.
479 537 626 564 Francisci
646 536 785 563 Assisien.
807 544 880 563 saco.
903 533 946 562 14.
983 534 1051 562 Cod.
1066 536 1207 563 Assisien.
1227 533 1284 562 426
1308 533 1353 569 (6).
1373 550 1410 555 —
1430 536 1474 562 In

184 570 209 598 1.
229 573 326 600 Noct.
348 570 368 598 Β
389 570 419 606 2,
445 571 466 600 4
484 575 621 609 septatus.
641 589 679 593 —
699 571 718 599 Β
740 571 771 608 2,
798 571 815 600 9
834 573 902 601 Non
921 573 1046 608 erganztz.
1068 587 1106 592 —
1124 573 1167 599 In
1186 571 1212 599 2.
1231 573 1335 601 Noot.
1357 571 1379 598 Α
1400 571 1434 606 2,
1454 572 1474 600 4

183 611 323 636 seminum
347 611 473 645 erganzt.
492 625 530 630 —
550 608 571 636 Β
590 608 624 644 2,
649 609 668 637 2
685 611 753 638 Vim
772 613 897 637 sanctus.
918 624 954 629 —
975 607 996 635 Β
1016 608 1046 644 2,
1068 609 1088 637 4
1106 613 1282 637 concurrunt
1300 610 1416 637 famine.
1436 624 1474 629 ——-

186 644 205 671 Β
234 644 264 680 2,
289 646 305 673 7
329 655 426 683 puero.
453 662 488 666 ——
513 649 554 675 In
580 646 607 675 3.
627 649 728 676 Noct.
750 645 770 673 Β
802 646 831 682 1,
856 645 874 675 8
895 647 978 675 colet.
1001 662 1035 666 -—
1079 646 1099 674 Β
1122 646 1146 682 1,
1167 646 1183 674 9
1203 648 1416 675 verschrieben.
1436 663 1475 668 —-

182 684 223 710 In
239 684 348 712 Laud.
377 683 399 710 Α
420 683 450 718 2,
476 683 493 712 3
522 688 551 713 te
572 687 697 720 erganzt.
717 699 752 704 -—
766 685 806 712 In
826 683 852 711 2.
866 686 969 718 Vesp.
991 683 1028 719 Α,
1049 683 1067 713 8
1093 688 1202 720 martyr
1229 685 1415 721 apostolicus.
1435 700 1473 704 —

182 721 238 748 Die
258 721 319 749 ‹h-ei
332 730 397 749 zum
412 721 544 749 Officium
557 722 802 758 gebrauchlichen
820 723 957 758 Hymnen
977 723 1057 750 siehe
1076 722 1160 750 Anal.
1180 723 1275 758 XXH,
1297 720 1353 749 282
1373 732 1415 759 sq.

625 883 688 914 100.
717 884 759 914 De
778 884 883 914 sancto
904 884 1031 914 Zenone.

307 963 351 995 In
379 964 408 997 1.
434 964 665 998 Nocturno.
863 968 895 999 3.
920 965 1051 996 Transit
1073 966 1156 997 Zeno
1180 966 1220 997 ab
1246 967 1306 999 hoc
1331 975 1438 1009 caeno,

396 1047 590 1082 Antiphonae.

221 1127 229 1135 .
255 1103 293 1134 In
318 1104 386 1143 lege
409 1105 456 1135 sui
479 1104 604 1136 Domini

298 1150 379 1181 Zeno
403 1151 582 1189 meditatur,

255 1195 314 1233 Qui
338 1206 357 1228 a
380 1197 488 1228 matris
512 1200 601 1229 utero

299 1241 504 1277 beatificatur.

220 1323 227 1330 .
253 1298 288 1329 In
314 1299 424 1329 timore
447 1298 581 1330 Domino

298 1344 416 1376 servire
440 1345 570 1384 studuit,

251 1391 459 1422 Veronensem
487 1391 665 1423 cathedram

299 1445 407 1477 regere
430 1439 552 1471 meruit.

219 1515 227 1523 .
253 1491 398 1524 Sanctum
423 1501 511 1524 suum
535 1494 686 1525 Dominus

297 1541 372 1570 tunc
394 1538 582 1578 mirificavit,

254 1584 389 1616 Gallieni
412 1584 508 1617 filiam

298 1632 420 1670 quando
443 1632 599 1664 liberavit.

388 1725 591 1760 Responsoria.

218 1805 225 1811 .
250 1781 333 1812 Zeno
359 1781 474 1813 electus
498 1781 640 1822 pontifex

250 1828 305 1859 Fit
328 1829 508 1860 miserorum
535 1828 651 1872 opifex,

249 1874 302 1905 Ad
326 1874 467 1906 veritatis
492 1875 633 1907 semitam

248 1921 403 1952 Veronam
430 1922 520 1953 duxit
537 1922 699 1963 inolitam-13

213 1988 220 1995 .
250 1966 400 2007 Domine,
425 1968 564 2008 quinque
587 1968 712 2001 talenta
727 1973 793 2002 ira-

251 2013 362 2045 didisti
384 2014 474 2054 mihi,
504 2024 579 2056 ecce,
605 2015 676 2046 alia
699 2016 792 2056 quin-

251 2069 310 2098 que
332 2060 568 2100 superlucratus
591 2071 672 2093 sum.

218 2141 225 2148 .
252 2115 404 2148 Coronam
428 2117 477 2147 sui
502 2117 612 2157 capitis

296 2163 414 2195 Zenoni
438 2164 493 2195 dat
515 2165 683 2206 Augustus,

253 2209 397 2242 Gemmas
422 2213 454 2241 et
477 2220 584 2244 aurum
612 2211 792 2252 disgregatis

296 2257 413 2297 Egenis
440 2257 494 2289 dat
517 2259 567 2290 vir
588 2258 702 2297 justus.

213 2327 220 2335 .
251 2303 330 2336 Post
370 2312 488 2336 aurum
522 2314 590 2336 ‘non
624 2305 705 2338 abiit
737 2314 796 2338 ozee

250 2351 389 2391 speravit
402 2351 440 2382 in
451 2351 612 2391 pecuniae
627 2352 795 2386 thesauris.
810 2370 818 2378 -

969 1013 1157 1051 Sepulturae
1180 1014 1320 1045 traditur

1014 1059 1051 1091 In
1076 1067 1131 1090 sua
1157 1060 1299 1101 eeclesia,

921 1105 1006 1137 Atax
1032 1106 1140 1145 crevit,
1165 1106 1252 1137 latex
1275 1107 1385 1146 saevit,

968 1151 1036 1182 Nec
1060 1152 1210 1190 templum
1232 1153 1420 1195 ingreditur,

1014 1199 1086 1231 Jam
1112 1207 1296 1231 excrescens
1321 1200 1411 1234 ostia.

851 1244 888 1276 V.
917 1244 1060 1277 Hauriri
1090 1245 1218 1285 quidem
1241 1248 1278 1278 ut
1302 1255 1389 1286 aqua
1412 1257 1469 1287 po-

919 1292 1010 1368 Ξεναὺ,
1037 1292 1135 1330 fluere
1158 1295 1194 1323 ut
1218 1302 1305 1332 aqua
1328 1303 1397 1325 ozon
1406 1304 1469 1334 120-

935 1340 1012 1368 erat.

982 1458 1025 1489 In
1052 1461 1083 1492 2.
1110 1458 1338 1493 Nocturno.

1054 1551 1246 1586 Antiphonae.

887 1642 894 1649 .
921 1617 1012 1650 Justo
1036 1617 1122 1650 Deus
1147 1618 1319 1658 benedixit,

920 1662 998 1700 Quia
1021 1664 1104 1697 Zeno
1126 1665 1212 1703 juste
1236 1668 1324 1708 vixit,

919 1709 1014 1741 Scuto
1038 1711 1140 1744 bonae
1163 1713 1334 1745 voluntatis

921 1756 1095 1790 Coronatur
1120 1767 1187 1790 cum
1213 1760 1326 1794 beatis,

887 1839 894 1846 .
918 1812 1047 1845 Honore
1072 1818 1103 1846 et
1126 1816 1228 1855 gloria

964 1860 1047 1892 Zeno
1072 1866 1249 1903 coronatur,

918 1905 1002 1938 Dum
1024 1908 1085 1939 sibi
1109 1917 1127 1940 a
1151 1918 1225 1949 rege

968 1962 1081 1986 corona
1106 1955 1249 1988 donatur.

865 2017 894 2042 ·.
922 2008 1092 2049 Susceptor
1116 2014 1148 2041 et
1172 2013 1274 2051 gloria

965 2056 1050 2088 Deus
1074 2059 1103 2089 ei
1126 2056 1197 2098 fuit,

918 2102 1002 2135 Dum
1026 2105 1162 2137 salvavit
1183 2106 1350 2146 hominem,

966 2150 1019 2189 qui
1043 2160 1100 2190 per
1125 2160 1247 2184 amnem
1272 2152 1351 2187 fluit.

1057 2244 1264 2279 Responsoria.

869 2308 899 2341 1.
925 2308 1009 2340 Zeno
1034 2309 1122 2343 favet
1148 2310 1282 2356 Christo,

967 2356 1014 2387 sic
1037 2357 1098 2396 ipsi
1124 2361 1235 2391 cuncta
1259 2359 1426 2403 favebant,
