1652 2615
775 141 1010 178 &71—

671 263 718 294 23.
745 263 790 295 De
811 264 1013 305 conceptione
1032 264 1118 296 BMV.

1013 354 1073 385 Ad
1100 352 1441 393 Completorium.

1081 418 1125 445 Ad
1143 419 1171 446 N
1172 426 1229 445 unc
1248 418 1380 445 dimittis.

919 467 961 499 Α,
991 468 1071 507 Ave,
1095 466 1210 506 Maria,
1236 475 1315 506 quae
1342 466 1457 498 dedisti

991 513 1112 546 Mundo
1137 514 1247 544 salutis
1272 514 1418 553 pretium,

990 560 1091 591 Deum
1116 560 1272 592 hominem
1296 560 1429 599 posuisti

989 608 1074 638 Ante
1099 610 1300 646 conspectum
1326 607 1472 648 omnium,

990 653 1120 693 Semper
1145 662 1249 696 exora,
1280 657 1382 686 mater
1407 653 1534 693 Christi,

987 701 1049 733 Pro
1071 700 1162 733 nobis
1186 701 1272 740 pium
1296 700 1404 733 filium.

378 349 426 381 In
454 351 485 382 1.
513 352 729 390 Vesperis.

456 423 652 461 Antiphonae.

255 481 287 513 1.
313 480 398 512 Laus
422 481 492 521 tibi,
517 484 628 514 sancta
650 483 789 525 trinitas,

314 528 375 560 Per
399 537 491 568 quarn
516 529 600 560 salus
626 530 734 561 mundi
760 532 853 563 datur

314 574 375 606 Per
397 575 534 607 Mariam
559 578 591 606 et
614 576 729 608 caritas

311 621 380 653 Tua
405 623 524 653 cunctis
549 623 748 661 propinatur.

254 680 285 711 2.
310 679 424 721 Maria,
451 682 521 710 tuos
545 679 683 712 laetifica

310 725 458 757 Famulos
485 729 516 757 et
540 725 682 759 salvifica

309 772 436 804 Ducens
460 781 517 804 nos
542 773 584 805 ad
609 782 706 814 regna
731 778 859 808 caelica.

253 830 283 862 3.
307 829 387 870 Ave,
413 830 508 861 beata
530 829 644 870 Maria,

306 876 368 908 Per
395 886 487 916 quam
511 878 601 916 patet
624 878 676 909 via

308 923 347 955 In
371 932 502 963 regnum
528 923 691 967 claritatis,

309 970 375 1002 Nos
395 971 501 1010 junge,
528 973 639 1011 mater,
667 972 778 1015 beatis,

250 1028 282 1059 4.
308 1025 412 1067 Salve,
439 1027 512 1058 aula
537 1026 675 1067 deitatis,

309 1072 400 1104 Omni
425 1077 537 1105 ornata
561 1073 671 1113 gloria,

304 1120 383 1158 Ave,
410 1129 532 1160 gemma
556 1121 721 1159 castitatis,

307 1166 406 1198 Plena
430 1167 581 1198 virtutum
607 1168 706 1206 eopia.

246 1224 278 1256 5.
305 1222 372 1253 Pax
398 1222 515 1255 Christi
541 1224 571 1254 et
596 1222 784 1265 benedictio,

303 1269 327 1301 O
353 1269 467 1309 Maria,
494 1279 550 1301 nos
574 1273 729 1310 protegat,

303 1316 372 1347 Tua
394 1317 554 1349 miseratio

305 1364 340 1395 In
368 1364 452 1395 viam
477 1365 565 1403 pacis
590 1373 647 1395 nos
672 1363 804 1399 deferat.

1053 813 1113 845 Ad
1139 813 1398 845 Matutinum.

1116 877 1330 905 Invitatorium.

986 926 1036 957 Ad
1064 926 1209 956 thronum
1234 926 1343 957 matris
1367 925 1487 965 gloriae

1030 972 1177 1004 Precibus
1212 972 1372 1010 pulsantes

983 1018 1050 1050 Nos
1074 1018 1172 1058 salva,
1198 1027 1254 1049 rex
1278 1019 1341 1058 pie,

1030 1065 1103 1097 Tibi
1123 1064 1306 1103 Jubilantes.

1041 1177 1086 1208 ln
1114 1176 1144 1208 1.
1171 1176 1228 1208 No
1240 1179 1396 1208 oturno.

1130 1241 1323 1276 Antiphonae.

923 1298 954 1330 1.
981 1299 1148 1330 Advocata
1171 1301 1382 1338 peccatorum,

980 1345 1094 1388 Maria,
1121 1346 1231 1385 regina
1257 1346 1423 1388 caelorum,

980 1392 1190 1424 Transcendit
1209 1393 1320 1424 choros
1337 1393 1527 1432 angelorum.

439 1448 645 1484 Responsoria.
922 1449 954 1481 2.
979 1448 1095 1480 Matris
1120 1448 1181 1479 Dei
1204 1449 1337 1488 gloriam

270 1531 276 1537 ‚
304 1504 328 1536 O
356 1504 492 1536 clemens
516 1513 641 1536 reorum
980 1496 1201 1527 Protestantur
1228 1496 1366 1533 aethera,

348 1552 546 1584 Advocatrix
982 1542 1075 1582 Cujus
1099 1543 1133 1573 in
1157 1543 1251 1574 terris
1276 1544 1409 1583 gratiam

395 1600 502 1631 Mater
524 1599 770 1640 misericordiae,

302 1645 326 1678 O
351 1647 436 1678 salus
462 1648 670 1687 aegrotorum,

347 1693 440 1725 Vitae
465 1695 581 1732 datrix,

394 1741 479 1773 Laus
507 1744 539 1772 et
562 1740 662 1771 honor
687 1741 847 1773 ecclesiae.

297 1786 408 1827 Nobis,
434 1788 489 1827 pia
511 1788 673 1828 lapsorum

346 1834 539 1878 Relevatrix,

394 1882 509 1915 Obtine
532 1883 636 1914 locum
661 1882 780 1915 veniae.

258 1955 264 1960 .
297 1929 322 1961 O
346 1933 448 1962 mater
474 1930 555 1971 regis
581 1929 711 1969 gloriae,

297 1977 395 2010 Plena
420 1978 520 2010 omnis
544 1976 676 2019 gratiae,

295 2024 361 2057 Nos
385 2026 473 2058 salva
499 2026 670 2057 clementer
693 2024 798 2058 hodie.

413 2110 459 2137 Ad
477 2107 657 2146 Mag-nificat.

256 2196 262 2202 .
293 2168 318 2200 Ο
343 2168 458 2209 Maria,
484 2169 570 2200 salus
595 2176 769 2207 aegrorum,

980 1589 1103 1622 Sentiat
1126 1598 1201 1630 gens
1226 1591 1352 1622 misera.

920 1647 951 1679 3.
976 1646 1042 1678 Nos
1068 1648 1239 1678 clamantes
1264 1646 1359 1678 hodie

980 1694 1030 1724 Ad
1061 1693 1181 1733 gratiae
1205 1696 1278 1724 tuae
1302 1694 1413 1725 ”olium

976 1740 1112 1781 Exaudi,
1139 1743 1241 1771 mater
1266 1741 1459 1781 clementiae,

975 1787 1019 1818 Et
1041 1788 1135 1827 placa
1156 1787 1247 1818 nobis
1271 1786 1380 1820 filium.

1117 1870 1322 1906 Responsoria.

919 1930 949 1963 1.
976 1929 1080 1971 Salve,
1101 1927 1208 1959 Maria
1232 1928 1331 1968 virgo,

974 1977 1023 2008 Tu
1049 1977 1089 2009 de
1112 1975 1212 2014 stirpe
1235 1976 1324 2015 regia

973 2022 1140 2057 Refulsisti
1164 2022 1279 2062 genita,

973 2071 1022 2103 Tu
1046 2071 1197 2103 virtutum
1221 2070 1323 2110 gratia

975 2117 1125 2151 Glaruisti
1148 2117 1305 2157 praedita,

972 2166 1077 2198 Decus
1104 2166 1134 2195 et
1156 2165 1284 2196 claritas
1309 2164 1497 2205 sanctitatis,

973 2213 1022 2245 Tu
1050 2212 1287 2244 tabernaculum
1312 2210 1474 2245 trinitatis.

293 2215 360 2247 Nos
385 2216 483 2254 salva,
509 2214 661 2247 flebilium
687 2214 837 2255 solamen,

294 2262 450 2294 Suocurre
474 2263 587 2294 turbae
612 2262 808 2300 miserorum,

294 2310 389 2342 Salva
405 2319 487 2351 reos,
508 2311 653 2343 levamen
670 2309 841 2348 lapsorum,

293 2357 424 2389 Debiles
450 2356 595 2390 conforta
611 2359 643 2388 et
660 2357 843 2388 cunctorum

293 2405 340 2437 Te
369 2405 565 2444 poscentium
595 2407 662 2436 esto
682 2403 842 2443 juvamen.

901 2260 939 2293 V.
968 2260 1015 2292 Te
1038 2259 1169 2299 spiritus
1193 2259 1294 2290 sancti
1321 2258 1434 2289 donum

971 2307 1093 2339 Fructu
1116 2306 1201 2338 vitae
1225 2304 1418 2343 fecundavit,

971 2355 1017 2387 Te
1043 2353 1259 2394 dignissimum
1283 2352 1429 2384 thronum

970 2402 1051 2442 Regi
1074 2409 1183 2440 regum
1207 2399 1421 2439 praeparavit.
