1652 2615
362 213 423 245 Ad
444 213 704 245 Matutinum.

429 287 641 314 Invitatorium.

294 344 472 376 Adoremus
496 343 621 375 luminis

343 390 472 422 Paterni
496 390 706 429 splendorem,

299 437 358 475 Qui
382 435 585 467 transformat
610 434 742 466 hominis

345 483 474 515 Vultum
498 483 530 512 in
557 482 711 513 decorem.

359 622 404 654 In
431 623 460 654 1.
488 621 544 652 No
556 624 711 652 cturno.

441 695 632 730 Antiphonae.

267 783 272 787 .
299 754 524 793 Praegustatur
547 752 642 784 hodie

346 800 438 841 Ligni
462 800 545 832 vitae
569 799 700 841 fructus,

298 848 437 880 Plantati
459 847 605 878 miseriae

348 894 443 926 Secus
467 896 594 925 nostrae
617 891 739 926 fluctus.

267 987 274 993 .
301 960 395 992 Salva
419 968 475 991 nos
500 959 655 998 propitius

347 1007 397 1037 Ab
423 1007 490 1037 irae
514 1005 620 1037 brevis
645 1008 743 1047 aestu,

302 1053 358 1085 Cui
385 1053 465 1084 dixit
488 1052 660 1084 Dominus:

346 1099 447 1131 Filius
474 1107 561 1130 meus
586 1108 619 1130 cs
641 1102 686 1131 tu.

269 1191 275 1197 .
301 1166 338 1197 In
363 1174 420 1206 spe
443 1165 646 1204 singulariter

349 1212 415 1243 Nos
441 1211 639 1250 constituisti,

302 1259 415 1291 Vultus
439 1258 484 1289 tui
507 1258 624 1289 lumine

347 1305 431 1336 Dum
452 1314 509 1336 nos
534 1303 713 1343 perfudisti.

437 1388 480 1415 Re
487 1389 642 1423 :ponsoria

271 1481 278 1488 .
303 1456 443 1487 Mentem
469 1455 638 1495 excutiens,

353 1503 453 1542 homo,
481 1502 520 1533 dc
542 1502 673 1541 pulvere

307 1549 405 1581 Stude
430 1557 499 1580 cum
522 1548 657 1580 Domino

351 1598 487 1627 montem
512 1596 732 1636 conscendere,

306 1643 371 1681 Quo
399 1642 516 1674 Christi
539 1642 669 1681 gloriam

351 1689 453 1728 possis
479 1689 669 1728 conspicere,

255 1737 275 1770 ¹.
306 1737 402 1775 Quam
427 1736 491 1767 suis
516 1736 610 1767 hodie

352 1783 497 1822 promisit
522 1791 659 1826 cernere,

308 1830 466 1861 Amictum
491 1829 610 1868 gloriae

357 1877 463 1908 volens
488 1876 628 1907 induere.

276 1967 283 1974 .
308 1941 445 1974 Seorsim
468 1950 487 1972 a
511 1942 614 1972 scoria

359 1987 464 2019 Plebis
489 1986 602 2019 elevati

312 2034 449 2066 Visionis
474 2034 575 2073 gloria

360 2081 440 2113 Sunt
461 2080 607 2111 irradiati

313 2129 348 2159 In
376 2127 460 2158 dulci
484 2127 665 2165 praesentia

359 2174 477 2207 Christi
501 2172 727 2207 transformati.

275 2249 281 2255 .
313 2222 370 2261 Qui
394 2229 429 2252 se
452 2221 559 2251 levant
582 2229 679 2259 supra
702 2229 747 2260 se,

359 2268 470 2300 Monte
494 2269 567 2298 sunt
592 2267 684 2305 beati,

313 2315 450 2349 Visionis
475 2313 612 2345 coelicae

361 2362 462 2395 Gustu
488 2360 633 2394 debriati.

937 238 944 244 .
970 212 1113 244 Christus
1140 213 1194 244 dat
1217 221 1252 244 se
1276 212 1429 253 fulgidum

1016 259 1054 289 In
1080 267 1174 291 carne
1197 268 1339 298 passura,

971 304 1021 336 Ne
1043 305 1134 336 nobis
1159 306 1200 337 sit
1223 305 1351 337 dubium

1016 351 1066 383 De
1092 352 1165 382 dote
1189 350 1304 394 futura,

971 396 1035 428 Sed
1056 398 1131 436 juge
1156 398 1331 429 convivium

1018 443 1110 474 Mens
1135 446 1243 482 speret
1266 451 1387 475 secura.

934 515 939 521 .
970 489 1083 520 Attriti
1108 489 1286 528 poenaliter

1018 535 1079 567 Via
1102 536 1213 567 mundi
1239 536 1319 567 dura

971 581 1152 621 Fulgebunt
1175 582 1352 615 sublimiter

1022 628 1138 661 Contra
1159 630 1261 661 carnis
1283 630 1366 668 jura.

1031 780 1075 810 In
1102 780 1133 811 2.
1157 778 1387 811 Nocturno.

1113 862 1307 898 Antiphonae.

943 954 950 959 .
977 929 1163 960 Innocentes
1188 929 1341 967 manibus,

1021 975 1142 1007 Mundo
1169 976 1264 1006 corde
1288 977 1359 1014 puri

976 1022 1013 1053 ln
1039 1022 1153 1053 decore
1174 1022 1294 1061 gloriae

1022 1068 1140 1108 Regem
1165 1071 1239 1099 sunt
1263 1069 1372 1102 visuri.

942 1159 949 1166 .
972 1134 1021 1166 De
1047 1135 1132 1166 coelo
1156 1134 1295 1166 intonuit

1021 1181 1108 1213 Deus
1132 1182 1324 1221 majestatis:

974 1229 1013 1261 In
1043 1237 1102 1268 quo
1125 1229 1204 1259 mihi
1226 1229 1356 1268 placuit,

1023 1276 1131 1314 Ipsum
1153 1275 1298 1308 audiatis

942 1366 949 1372 .
975 1341 1145 1373 Hominum
1171 1349 1249 1380 prae
1272 1340 1348 1372 filiis

1021 1387 1140 1419 Forma
1163 1388 1334 1427 speciosus,

978 1434 1120 1467 Christus
1146 1435 1249 1466 nitens
1274 1435 1426 1476 vestibus,

1023 1481 1122 1513 Vultu
1142 1482 1325 1513 luminosus.

1113 1574 1321 1610 Responsoria.

948 1665 955 1671 .
982 1642 1135 1675 Claritate
1158 1640 1280 1680 fulgida

1024 1688 1137 1720 Facies
1156 1688 1298 1729 lucescit,

979 1736 1072 1768 More
1095 1735 1177 1767 nivis
1204 1736 1340 1768 candida

1026 1782 1134 1814 Vestis
1159 1782 1313 1821 enitescit,

979 1830 1070 1861 Haec
1093 1832 1141 1860 est
1163 1829 1230 1861 vita
1251 1830 1368 1873 lucida,

1028 1876 1114 1914 Quae
1142 1875 1228 1906 finiri
1251 1878 1361 1910 nescit.

944 1946 952 1955 .
982 1922 1047 1953 Nix
1071 1921 1308 1954 misericordiae

1028 1968 1175 1999 Solamen
1200 1971 1365 2010 expressit,

982 2015 1109 2046 Ardens
1138 2016 1186 2046 sol
1207 2016 1350 2054 Justitiae

1033 2061 1146 2093 Clarae
1169 2065 1279 2101 typum
1304 2066 1411 2104 gessit.

928 2134 935 2143 ·
952 2155 959 2162 ,
984 2127 1064 2158 Tres
1090 2128 1243 2166 assumpti
1268 2137 1337 2162 cum
1362 2134 1501 2176 stupore,

985 2174 1095 2207 Helias
1121 2182 1190 2204 cum
1212 2175 1291 2214 legis
1315 2177 1419 2210 latore

989 2221 1193 2252 Admirantes
1217 2230 1295 2260 prae
1319 2224 1490 2262 splendore

988 2268 1127 2299 Adstant
1152 2276 1257 2299 coram
1280 2270 1448 2312 salvatore,

951 2341 957 2348 .
990 2316 1105 2346 Verum
1129 2314 1267 2353 probant
1290 2316 1368 2356 legis
1392 2327 1481 2351 more

987 2361 1097 2393 Trium
1121 2364 1174 2392 aut
1202 2361 1334 2396 duorum
1361 2373 1424 2398 ore.
