1652 2615
755 141 987 176 -37-

228 234 259 266 2.
285 234 495 275 Margaritum
520 237 732 276 praepolitum

286 281 468 320 Adaptatur
489 283 669 321 applicatur

335 328 494 360 Summum
520 336 578 367 per
601 329 763 370 artificem,

287 375 354 413 Quo
379 378 540 407 structura
559 379 605 407 est
631 376 748 417 futura,

287 422 373 460 Quae
396 431 460 454 non
484 422 578 462 perit,
603 424 676 462 quia
701 424 781 464 gerit

336 469 480 501 Omnium
506 469 667 509 opificem

217 514 253 544 V.
285 516 376 547 Haec
401 518 458 555 est,
485 524 578 555 quam
604 517 684 548 caeli

332 563 434 594 victor
458 562 544 594 Deus
568 565 653 595 intus
679 567 711 595 et
736 569 826 597 extra

287 609 397 642 Pinxit
421 613 453 640 et
477 611 620 648 angelica

336 659 406 688 cote
429 656 544 696 polivit
569 666 647 691 eam.

234 713 264 745 3.
292 713 389 752 Quam
416 712 580 751 praeclare
606 722 792 745 conservare

334 759 530 799 Integritatis
555 761 716 799 speculum

287 808 369 839 Voto
395 806 490 847 vovit,
519 807 602 845 quod
626 816 689 839 non
712 808 801 838 novit

333 853 534 885 Antecedens
558 855 727 893 saeculum,

215 900 260 932 V.
291 901 465 941 Angelicae
489 900 567 932 lucis

335 948 498 987 speculum
524 947 619 979 decor
645 949 711 987 eJ'us
728 948 838 980 obum-

614 995 687 1026 brat

284 1042 329 1073 Et
353 1042 441 1081 quasi
467 1040 646 1081 praefulget

338 1097 430 1120 omne
460 1088 581 1120 decoris
606 1089 692 1120 ebur.

341 1210 386 1242 In
414 1211 445 1241 2.
472 1208 707 1241 Nocturno.

425 1282 620 1318 Antiphonae.

226 1342 253 1373 1.
279 1342 490 1373 Adducentur
514 1349 633 1372 summo
658 1341 726 1380 regi

331 1388 408 1420 Cum
433 1387 641 1419 exsultatione

284 1436 429 1475 Virgines
452 1435 487 1466 in
511 1435 621 1467 matris
645 1434 706 1466 Dei

328 1482 399 1514 Hac
420 1482 685 1521 praesentatione.

224 1539 255 1571 2.
284 1539 399 1571 Inclita
424 1537 499 1569 Sion
523 1536 590 1569 filia

329 1585 465 1618 Divitias
491 1585 662 1617 cumulavit

281 1633 324 1665 Et
350 1633 507 1672 virginum
529 1635 578 1664 tot
600 1632 688 1663 milia

330 1680 419 1712 Haec
443 1680 511 1710 sola
534 1680 705 1719 superavit.

225 1738 254 1770 3.
282 1737 363 1768 Nam
388 1736 422 1767 in
447 1736 705 1775 gazophylacium

330 1784 409 1815 Fert
432 1791 543 1813 munus
568 1784 798 1823 praeoptatum,

281 1832 347 1870 Quo
372 1830 498 1861 miseris
523 1830 670 1862 solatium

328 1878 488 1910 Divinitas
514 1879 561 1908 est
586 1877 703 1910 datum.

416 1962 613 1997 Responsoria

224 2023 254 2055 1.
281 2021 466 2061 Benedicta,
493 2028 582 2060 quae,
612 2019 728 2051 delicta

281 2069 361 2108 Quia
383 2067 495 2107 nescit,
522 2066 715 2107 conquiescit

327 2115 447 2148 Dilecti
472 2114 528 2146 sub
554 2114 748 2156 umbraculo,

278 2164 340 2197 Est
362 2163 476 2205 sopita,
502 2163 588 2195 unde
613 2162 687 2201 vita,

281 2212 367 2251 Quae
390 2209 532 2249 recessit,
558 2218 642 2241 nunc
666 2208 802 2240 accessit

327 2259 366 2291 In
390 2257 449 2289 Dei
475 2256 692 2289 tabernaculo,

209 2307 251 2339 V.
283 2306 388 2346 Quam
401 2304 517 2336 dilecta
533 2302 748 2336 tabernacula
762 2304 832 2341 fua,

280 2352 422 2385 Domine
440 2351 604 2390 virtutum,
639 2349 835 2388 concupiscit

282 2410 320 2432 ca
345 2399 460 2431 anima
482 2407 564 2430 mea.

907 239 937 270 2.
964 234 1151 275 Incorrupta
1175 238 1207 266 et
1235 235 1369 274 innupta

965 283 1082 322 Joseph
1107 283 1174 314 viro
1197 281 1292 314 modo
1317 281 1396 313 miro

1010 330 1100 361 Haec
1123 330 1211 369 virgo
1237 328 1456 368 desponsatur,

965 377 1032 418 Ipsi
1055 376 1124 416 soli,
1150 386 1169 408 a
1194 384 1254 416 quo
1279 376 1346 414 poli

966 422 1171 455 Inflectuntur
1196 426 1228 454 et
1251 425 1404 462 reguntur

1012 471 1131 502 Illaesa
1159 472 1370 503 conservatur.

898 517 934 550 V.
966 517 990 549 Ο
1017 519 1121 549 castae
1145 517 1257 548 matris

1014 562 1093 595 felix
1119 564 1268 603 dignatio,
1295 571 1364 594 sese

965 611 1074 642 Terris
1098 611 1230 641 inclinat

1013 657 1072 689 hac
1096 657 1255 689 mediante
1279 657 1380 696 polus.

909 715 940 747 3.
966 714 1068 755 Anna,
1088 714 1200 754 gaude,
1218 713 1372 752 Joachim,
1385 713 1513 752 plaude,

965 760 1035 792 Sint
1059 760 1183 800 cognati
1208 759 1274 791 Deo
1300 761 1381 799 grati

1011 806 1195 846 Virginique
1219 808 1335 845 tantae,

966 853 1048 885 Nam
1073 853 1145 884 huic
1170 853 1228 884 soli
1250 856 1375 884 vestrae
1399 854 1482 893 proli

965 900 1063 931 Nulla
1086 900 1158 931 talis
1185 902 1231 931 est
1256 899 1395 939 aequalis

1012 947 1154 985 Reperta
1181 949 1254 986 post
1278 949 1310 977 et
1334 950 1416 980 ante.

897 995 934 1028 V.
966 994 1004 1025 In
1030 993 1121 1025 titulo
1148 994 1214 1032 ejus

1013 1040 1199 1072 citharizent
1222 1040 1326 1071 omnia
1350 1041 1428 1072 caeli

965 1086 1098 1126 Organa,
1126 1086 1269 1118 caelestis

1010 1133 1130 1164 musica
1153 1133 1244 1164 ludet
1264 1132 1303 1165 ei.

1026 1273 1073 1304 1n
1101 1274 1130 1306 3.
1156 1272 1381 1304 Nocturno.

1096 1347 1290 1382 Antiphonae.

903 1406 933 1436 1.
960 1404 1020 1436 Est
1044 1404 1132 1444 virgo
1158 1404 1362 1436 aeternaliter

1005 1451 1036 1482 A
1060 1450 1128 1483 Deo
1153 1451 1391 1490 praedestinata

959 1498 1065 1530 Hodie
1089 1498 1309 1537 temporaliter

1006 1546 1078 1577 Hoc
1100 1546 1134 1577 in
1157 1546 1276 1585 templo
1298 1547 1509 1584 praesentata.

901 1605 932 1635 2.
959 1602 1005 1634 Ut
1029 1610 1156 1642 semper
1181 1608 1213 1633 et
1236 1604 1337 1633 totum

1006 1648 1055 1680 Sit
1077 1648 1145 1681 'Deo
1169 1649 1390 1691 mancipatum,

960 1697 1021 1728 Est
1044 1696 1105 1727 hoc
1128 1696 1259 1735 virginis
1285 1698 1391 1727 votum

1008 1742 1146 1774 Caelitus
1175 1743 1365 1776 dedicatum.

903 1802 933 1832 53.
961 1800 1050 1831 Haec
1072 1798 1243 1831 homimum
1269 1798 1472 1837 adspectibus

1006 1846 1098 1878 Licet
1126 1846 1214 1886 virgo
1240 1844 1413 1888 auferatur,

960 1894 1120 1926 Virtutum
1144 1894 1176 1925 in
1203 1892 1400 1933 profectibus

1007 1940 1083 1973 Cum
1108 1941 1228 1981 angelis
1255 1945 1468 1975 conversatur.

1097 2044 1301 2078 Responsoria.

901 2112 933 2144 1.
956 2110 1100 2143 Joachim
1123 2112 1227 2151 justus
1253 2119 1379 2153 parens,

959 2158 1036 2191 Cum
1060 2159 1151 2198 prole
1175 2157 1259 2190 foret
1284 2166 1404 2197 carens,

1007 2206 1071 2238 Per
1095 2207 1227 2239 Isachar
1252 2203 1433 2245 pontificem

958 2254 995 2285 In
1021 2254 1139 2293 templo
1165 2256 1212 2284 est
1237 2253 1414 2294 despectus,

961 2303 990 2332 A
1015 2300 1083 2332 Deo
1109 2301 1166 2332 sed
1190 2300 1318 2337 electus,

1008 2347 1103 2379 Nunc
1125 2347 1262 2379 fructum
1279 2344 1343 2376 fert
1359 2346 1510 2385 multipli-

1291 2401 1367 2428 cem,
