1652 2615
745 130 969 164 -97-

214 217 252 249 V.
282 219 368 258 Quae
394 222 456 252 tam
482 232 595 262 magna
621 224 760 257 cecinisti

332 265 405 297 Tibi
431 269 556 300 conlata
580 270 720 312 largiter,

282 311 348 342 Nos
373 322 392 343 a
413 318 515 346 morte
540 316 666 348 salvans
691 319 774 350 tristi

331 358 455 393 Christo
478 362 575 403 J'unge
599 362 745 396 feliciter.

369 453 415 485 111
440 454 669 490 Laudibus,

423 530 616 566 Antiphonae.

222 583 251 615 1.
280 583 356 616 Cum
380 585 466 618 Deus
492 595 530 618 ex
556 588 677 628 virgine

326 632 436 664 Induit
461 634 616 672 decorem,

280 678 308 708 A
334 681 365 709 te
389 677 492 711 foetus
517 679 653 712 feminae

327 724 470 765 Suscipit
493 727 642 761 valorem.

220 783 251 814 2.
278 781 316 812 ln
343 786 512 822 conspectu
538 784 665 815 Domini

323 829 406 862 Puer
431 831 621 873 exsultabat,

276 875 327 907 Ex
353 885 414 915 quo
440 880 543 909 mater
567 878 682 918 virgini

323 923 461 956 Cantans
486 925 708 964 prophetabat.

217 981 248 1012 3.
274 979 427 1011 Fructum
453 981 539 1012 vit-ae
562 982 697 1020 protulit

322 1026 422 1059 Terra
445 1028 609 1067 virginalis

276 1074 454 1113 Populique
478 1076 585 1106 attulit

321 1120 447 1153 Laudes
472 1122 638 1163 generalis,

213 1177 245 1211 4.
273 1176 480 1217 Benedicens,
507 1178 686 1217 benedicta,

318 1224 459 1256 Benedie
486 1225 717 1267 benedicentes,

268 1271 379 1310 Nobis,
408 1272 541 1312 cantrix,
569 1275 693 1303 cantum
721 1272 807 1304 dicta

316 1318 361 1350 Et
385 1316 437 1350 fac
461 1322 563 1350 tecum
591 1319 801 1353 concinentes,

210 1376 241 1408 5.
269 1375 377 1407 Omnis
404 1377 535 1415 spiritus
560 1376 718 1407 auscultet

315 1422 543 1455 Decantantem
566 1423 730 1463 virginem,

268 1469 379 1501 Secum
404 1471 539 1509 plaudat
562 1472 593 1500 et
616 1470 753 1502 exsultet

315 1516 465 1549 Laudans
488 1517 589 1548 Deum
615 1517 782 1552 hominem,

379 1590 424 1618 Ad
443 1591 626 1620 Benedictus.

194 1650 234 1683 A.
266 1649 458 1681 Benedictus
482 1649 679 1690 Emmanuel,

315 1696 375 1734 Qui
401 1697 542 1728 visitavit
564 1696 722 1727 hominem

268 1744 313 1776 Et
337 1743 587 1782 redemptionem
611 1742 713 1775 Israel

314 1791 376 1822 Per
401 1791 581 1821 visitantem
606 1789 761 1829 virginem

267 1837 432 1870 Intimavit
455 1836 667 1877 praecursori,

314 1885 391 1918 Cum
416 1886 519 1917 salute
538 1883 649 1915 humili

264 1932 359 1965 Unde
382 1932 494 1965 laudes
518 1930 671 1963 salvatori

313 1980 497 2012 Clamantur
523 1981 554 2011 et
578 1978 690 2010 sterili.

1025 225 1069 256 In
1095 228 1126 258 2.
1156 225 1371 265 Vesperis.

1075 299 1120 326 Ad
1140 299 1317 335 Magnificat.

888 359 927 389 A.
960 358 984 390 Ο
1006 357 1113 396 virago
1144 357 1320 396 perinclita,

1007 403 1057 435 De
1075 412 1136 444 qua
1146 404 1195 436 vir
1208 413 1344 435 summus
1361 405 1503 445 sumitur,

962 451 1148 483 Humilitate
1172 451 1328 493 praedita,

1004 497 1087 528 Dum
1111 498 1197 529 Deus
1220 498 1253 528 in
1278 501 1309 529 te
1334 498 1500 536 clauditur,

960 545 1112 576 Montana
1136 545 1222 576 velut
1245 544 1373 576 subdita

1003 591 1100 631 Petis,
1128 594 1159 622 et
1182 592 1287 622 lumen
1312 591 1422 630 oritur,

956 638 1040 670 Hinc
1065 638 1172 670 clausa
1193 638 1307 677 pandit
1331 638 1453 678 abdita,

1004 684 1048 715 Et
1071 683 1176 716 infans
1201 686 1322 716 clausus
1348 685 1487 724 loquitur

959 731 1089 763 Secreta
1115 732 1192 763 caeli
1219 732 1354 771 condita,

1005 777 1169 818 Verusque
1192 779 1240 809 sol
1267 779 1430 818 detegitur,

1036 918 1112 950 Per
1136 918 1344 950 Octavam.

1083 992 1299 1019 Invitatorium.

952 1049 1185 1080 Ascendentem
1213 1049 1371 1080 dominam

999 1095 1139 1127 Montem
1165 1096 1318 1127 sociemus

951 1141 995 1173 Et
1017 1142 1167 1173 latentem
1191 1142 1359 1173 Dominum

999 1187 1156 1221 Christum
1182 1189 1358 1222 adoremuS.

1061 1290 1106 1317 Ad
1126 1290 1308 1318 Benedictus.

876 1349 915 1379 A.
947 1347 1097 1380 Visitavit
1119 1348 1273 1379 Dominus

996 1394 1124 1427 Plobem
1149 1395 1288 1434 Israelis,

944 1441 1026 1473 Dum
1052 1449 1110 1480 per
1135 1445 1267 1473 matrem
1293 1442 1457 1481 virginem,

996 1487 1168 1520 Gravidam
1195 1489 1234 1520 de
1260 1488 1365 1527 caelis,

947 1535 1138 1567 Genitricem
1166 1536 1274 1568 visitat

991 1583 1169 1622 Prophetae
1193 1582 1307 1614 fidelis.

1059 1684 1105 1711 Ad
1127 1684 1304 1719 Magnificat.

875 1744 913 1774 A.
944 1742 1125 1774 Exsultavit
1151 1741 1281 1781 spiritus

995 1788 1120 1820 Sterilis
1146 1792 1178 1820 et
1201 1789 1278 1828 nati,

946 1836 1028 1868 Dum
1054 1836 1143 1867 verbi
1170 1835 1319 1867 divinitus

993 1882 1117 1915 Mariae
1138 1882 1246 1915 donati

949 1931 1002 1963 Vis
1028 1939 1086 1971 per
1111 1939 1218 1962 vocem
1243 1930 1375 1969 virginis

993 1976 1178 2010 Infunditur
1201 1977 1276 2010 vati.

267 2056 351 2083 Brev.
380 2064 433 2083 ms.
457 2054 696 2083 Praedicatorum
717 2052 919 2081 Vindobonen.
945 2062 967 2080 s.
994 2062 1021 2079 n.
1050 2060 1124 2080 saec.
1148 2051 1190 2080 15.
1213 2052 1248 2079 A.
1271 2066 1306 2071 —
1326 2052 1410 2079 Brev.
1439 2060 1492 2079 ms.

191 2094 430 2122 Praedicatorum
456 2101 530 2121 saec.
562 2090 605 2119 15.
646 2091 714 2119 Cod.
742 2091 941 2118 Constantien.
972 2088 1053 2118 1393.
1084 2090 1115 2118 Β.
1141 2106 1175 2110 -
1202 2091 1285 2117 Brev.
1318 2098 1369 2117 ms.
1390 2089 1491 2117 Alten-

192 2132 371 2160 honaviense
396 2140 472 2159 saec.
501 2129 543 2158 15.
571 2129 641 2157 clm.
669 2129 820 2157 Monacen.
846 2127 929 2157 2905.
954 2129 985 2157 (J.
1013 2142 1050 2147 —
1082 2129 1162 2156 Brev.
1184 2137 1227 2155 ms
1258 2128 1494 2155 Praedicatorum

192 2179 268 2198 saec.
296 2168 339 2197 15.
368 2169 440 2197 Clm.
465 2170 617 2196 Monaeen.
646 2163 753 2195 23163.
778 2167 814 2194 D.
842 2182 880 2186 —
907 2168 990 2195 Brev.
1016 2175 1058 2193 ms
1088 2166 1326 2194 Praedicatorum
1348 2173 1422 2192 saec.
1450 2163 1493 2191 15.

193 2208 263 2236 Cod.
289 2207 475 2243 Burdigalen.
501 2206 547 2233 77.
572 2206 608 2233 Ε.
628 2219 667 2223 -
693 2203 773 2232 offic.
799 2214 852 2233 ms.
873 2205 1060 2232 Brundusina
1080 2213 1154 2233 saec.
1177 2203 1220 2232 15.
1262 2204 1330 2231 (jod.
1352 2203 1493 2230 Oxonien.

190 2246 314 2272 Miscell.
336 2245 448 2282 Liturg.
470 2242 534 2273 358.
556 2245 587 2272 F.
609 2259 638 2263 —
665 2243 1071 2271 Brev.ms.1>raedicatorum
1091 2251 1166 2271 saec.
1184 2240 1225 2269 14.
1259 2241 1328 2269 God.
1344 2240 1492 2267 Gelonion.

195 2281 257 2310 104-
284 2283 348 2312 add.
377 2291 452 2312 saec.
476 2281 520 2310 15.
542 2282 574 2310 Gr.
595 2296 634 2300 —
655 2279 772 2315 Antiph.
793 2290 845 2309 ms.
866 2281 1078 2310 Salemitanum
1098 2289 1173 2308 saec.
1196 2277 1239 2307 13.
1280 2278 1350 2306 Cod.
1371 2277 1491 2305 Heidel-

191 2322 308 2356 bergen.
328 2321 356 2347 X
378 2320 395 2349 6
414 2323 442 2349 b.
462 2320 527 2351 add.
548 2328 622 2347 saec.
646 2316 689 2345 15.
712 2318 747 2343 Η.

268 2358 391 2385 Ferner:
420 2360 503 2390 Brev.
530 2366 583 2385 ms.
606 2355 844 2384 Praedicatorum
863 2357 1049 2393 Neapolitan.
1076 2365 1151 2384 saec.
1174 2353 1217 2382 14.
1261 2354 1330 2381 Cod.
1350 2354 1493 2390 Neapoli-

192 2399 252 2425 tan.
274 2396 317 2424 VI
337 2397 360 2423 E
382 2395 407 2424 6.
429 2397 493 2426 add.
514 2404 589 2423 saec.
603 2393 646 2422 15.
661 2409 698 2413 —
713 2394 796 2422 Brev.
818 2404 870 2423 ms.
884 2395 1123 2423 Praedicator-um
1138 2393 1306 2421 Cremonen.
1328 2391 1493 2420 ann11467.

252 2448 272 2470 D
279 2453 290 2469 ι-
296 2453 328 2469 ev
335 2452 364 2469 es
371 2463 376 2473 .
392 2446 512 2470 Historiae
526 2446 680 2475 rhythmicae.
709 2444 749 2468 Ν.

1307 2439 1322 2466 7
