1652 2615
171 349 187 380 1

169 543 188 572 2

169 934 190 964 4

171 1129 189 1158 5

669 125 924 159 —138—

324 225 367 257 In
392 225 420 256 L
430 233 478 257 au
488 224 527 256 di
536 223 556 255 b
565 233 586 254 u
594 231 620 254 s.

365 288 558 323 Antiphonae.

194 374 201 380 .
231 347 323 386 Virgo
346 349 455 383 mater,
483 345 651 382 consolare,

226 394 327 425 Tuum
350 395 457 425 natum
479 391 659 430 deprecare,

227 440 279 477 Ut,
305 447 362 479 pro
388 437 497 477 quibus
523 437 707 475 captivum,

223 486 325 517 Lavet
347 485 456 516 sordes
483 486 513 514 et
535 485 651 516 reatus,

193 565 199 571 .
229 541 324 572 Prece
345 540 437 579 placa
460 542 564 570 natum
592 537 664 577 reis,

230 588 374 619 Vinctum
400 595 507 618 manus
532 594 551 616 a
574 584 713 621 Judaeis,

226 633 270 665 Ut
293 642 348 664 nos
373 634 474 665 solvat
495 642 514 664 a
538 631 675 670 peccatis

226 680 339 712 Dando
360 688 488 719 regnum
512 678 674 710 claritatis.

192 762 199 769 .
226 736 342 767 Natum
365 735 437 766 duci
461 744 529 766 cum
554 733 662 765 vidisti

227 783 279 814 Ad
303 785 491 821 praetorem,
519 780 655 817 doluisti,

228 828 306 861 Inde
330 832 432 860 tecum
457 827 657 860 condolentes

227 876 304 907 Post
319 875 400 907 hanc
416 875 510 906 vitam
526 873 576 905 fac
588 874 769 913 gaudentes,

194 957 200 964 ,
228 932 318 963 Pium
343 930 478 962 fructum
502 931 619 961 ventris
644 930 689 960 tui

229 978 349 1010 Praebe
372 977 472 1015 nobis,
498 979 610 1016 sponte
633 976 682 1006 sui

229 1026 361 1062 Propter
385 1026 507 1055 nostras
532 1021 636 1054 faeces
652 1023 771 1053 laesum

227 1071 271 1102 Et
293 1069 425 1110 flagellis
452 1069 529 1100 dure
552 1078 686 1101 caesum.

194 1151 201 1158 .
228 1126 407 1158 Passionem
430 1126 526 1155 horae
551 1133 651 1156 nonae

229 1173 346 1204 Natum
369 1174 465 1211 tuum,
491 1171 590 1209 virgo,
616 1178 715 1211 mone,

231 1219 275 1251 Ut
295 1227 352 1257 per
377 1226 465 1248 suum
490 1219 632 1248 sam-tum
653 1216 752 1248 fatum

228 1265 375 1297 Nostrum
399 1264 484 1295 lavet
508 1263 559 1295 hic
583 1266 711 1294 reatum.

341 1337 385 1364 Ad
405 1337 590 1364 Benedictus.

229 1385 266 1415 In
291 1384 380 1415 domo
405 1384 559 1415 Davidica

278 1439 371 1462 cornu
397 1432 535 1462 salutare

228 1477 327 1509 Dedit
349 1477 438 1508 nobis
462 1476 625 1517 Dominus,

277 1525 376 1555 crucis
402 1524 473 1555 dum
499 1524 599 1555 altare

231 1570 324 1602 Prole
348 1573 474 1601 sanctae
499 1570 628 1609 virginis

275 1625 373 1656 pensa
398 1617 580 1658 decoratur;

230 1664 316 1695 Haec
342 1664 381 1695 de
405 1664 504 1701 stirpe
527 1662 660 1695 Davidis

276 1713 349 1741 nata
373 1710 583 1749 praedicatur.

230 1757 345 1796 Mater,
372 1764 445 1796 ergo
469 1756 626 1795 poscimus

279 1803 462 1843 dignitatem
483 1806 578 1841 tuam,

230 1849 297 1888 Qua
319 1850 454 1881 redemit
477 1849 560 1881 filius

275 1900 378 1928 morte
402 1895 526 1935 plebem
550 1904 648 1933 suam,

229 1944 311 1975 Illuc
335 1951 428 1982 prece
452 1943 577 1984 adjuva,

278 1989 332 2021 ubi
357 1991 554 2029 conspicatur

231 2036 294 2068 Sua
320 2037 404 2069 clara
427 2035 535 2075 facies,

278 2092 357 2124 quae
381 2083 619 2124 conspuebatur.

355 2169 387 2206 A
396 2168 415 2199 d
439 2166 471 2199 H
480 2176 497 2198 0
506 2177 523 2198 r
532 2177 551 2199 a
559 2176 583 2198 s.

372 2224 417 2250 Ad
436 2223 573 2250 Primam.

231 2272 319 2304 Hora
341 2271 445 2310 prima
468 2270 501 2301 in
526 2271 585 2302 hac
610 2270 661 2302 die

232 2319 327 2351 Venit
352 2317 436 2350 fama
460 2317 520 2349 tibi
543 2318 624 2358 piae,

230 2366 346 2398 Natum
371 2368 463 2398 nocte
486 2365 676 2405 intempesta

894 219 977 251 Fore
1002 222 1138 257 captum,
1165 218 1240 249 inde
1265 216 1393 252 maesta,

898 267 991 305 Virgo
1016 267 1125 303 mater,
1150 263 1313 304 tribulare,

894 311 995 343 Nobis
1019 311 1093 342 hinc
1116 310 1301 349 propitiare.

1034 411 1080 437 Ad
1098 410 1237 436 Tertiam.

857 491 864 499 .
894 468 983 499 Hora
1007 470 1097 497 terna
1120 466 1160 496 ad
1187 466 1365 503 praetorem

895 514 1023 545 Ducunt
1046 513 1153 545 Jesum
1179 511 1368 542 salvatorem

895 560 999 593 Multa
1020 559 1115 590 turba
1139 558 1331 591 Judaeoruin

895 608 1001 639 Morte
1021 615 1079 638 sua
1102 613 1304 645 perreorum;

899 653 1052 694 crucifige
1077 655 1151 684 tunc
1175 653 1339 692 clamatur,

896 701 979 733 Hinc
1002 700 1119 739 injuste
1144 699 1380 736 condemnatur,

897 748 1006 786 Tuque
1032 746 1108 777 iude
1132 745 1330 783 tristabari53

897 795 1014 826 Nostra
1040 801 1134 832 prece
1155 792 1321 830 monearis,

897 841 941 873 Ut
964 849 1022 880 per
1047 840 1129 872 hanc
1153 839 1327 870 molestiam

898 887 996 919 Nobis
1022 886 1117 918 dones
1142 885 1286 925 gratiam.

859 976 865 984 .
898 952 941 984 Ut
965 960 1022 992 per
1047 960 1135 983 suum
1160 952 1332 982 cruciatum

898 998 1048 1030 Nostrum
1072 1002 1176 1037 tergat
1200 998 1253 1029 hic
1268 999 1442 1040 peccatum,

897 1046 969 1083 Ora,
996 1046 1093 1084 virgo,
1119 1048 1206 1076 tuum
1231 1049 1349 1084 natum,

859 1118 866 1126 .
896 1092 1002 1123 Jesum
1021 1090 1179 1123 Christum
1199 1092 1293 1123 valde
1310 1094 1444 1131 gratum,

1041 1193 1086 1219 Ad
1106 1192 1231 1220 Sextam.

860 1275 866 1281 .
904 1249 992 1281 Hora
1015 1252 1105 1280 sexta
1127 1249 1244 1289 lignum
1269 1250 1370 1280 crucis

899 1295 1030 1328 Scandit
1052 1297 1072 1328 J
1075 1304 1156 1335 esus,
1182 1298 1291 1327 auctor
1313 1295 1404 1335 lucis,

898 1343 960 1381 Ah,
986 1351 1077 1382 quam
1102 1343 1192 1374 dolor
1215 1343 1275 1374 tibi
1293 1342 1397 1381 datur,

900 1390 977 1422 Cum
1001 1399 1058 1428 per
1081 1398 1191 1420 manus
1215 1390 1401 1430 clavulatur,

898 1437 1003 1476 Virgo,
1029 1440 1100 1467 tuus
1127 1436 1227 1467 dulcis
1249 1438 1350 1475 natus,

898 1483 951 1515 Sic
974 1492 1033 1521 pro
1056 1482 1148 1514 nobis
1171 1485 1398 1523 tormentatus;

897 1529 990 1561 Hunc
1015 1529 1153 1561 dolorem
1178 1530 1250 1561 dum
1268 1533 1299 1560 te
1316 1531 1447 1561 matrem

897 1575 1122 1616 Admonemus,
1148 1585 1223 1616 roga
1247 1578 1370 1615 patrem

899 1622 1044 1654 Misereri
1075 1623 1221 1663 omnium,

899 1669 1016 1707 Quibus
1042 1669 1131 1701 dedit
1153 1668 1263 1702 filium.

861 1760 868 1767 .
898 1735 1080 1767 Passionem
1106 1735 1311 1767 recordamur

900 1782 960 1813 Tui
984 1782 1061 1820 nati,
1087 1782 1161 1813 hinc
1183 1790 1359 1822 precamur,

902 1828 945 1860 Ut
967 1837 986 1859 a
1008 1832 1106 1860 morte
1130 1837 1284 1871 eruamur,

861 1900 868 1907 .
900 1877 929 1907 A
952 1878 994 1915 te,
1020 1875 1116 1919 virgo,
1143 1875 1318 1908 audiamur.

1057 1978 1102 2005 Ad
1119 1978 1243 2006 Nonam.

864 2061 871 2068 .
901 2035 990 2067 Hora
1013 2044 1096 2067 nona
1118 2036 1273 2069 Dominus

950 2082 1014 2113 alte
1039 2083 1236 2122 exclamavit,

903 2129 1057 2161 Inclinato
1084 2131 1189 2169 capite

950 2177 1057 2208 statim
1083 2177 1275 2217 exspiravit3

902 2223 992 2255 Tunc
1014 2226 1056 2263 te,
1082 2225 1182 2264 virge,
1208 2225 1334 2266 gladius

950 2270 1004 2301 ille
1034 2272 1220 2315 penetravit,

904 2317 953 2349 De
978 2326 1038 2356 quo
1063 2327 1158 2350 senex
1183 2319 1306 2353 Simeon

952 2364 1009 2396 tibi
1034 2367 1253 2408 prophetavit,
