1652 2615
735 155 991 191 —195—

342 249 387 281 In
413 250 445 282 2.
471 250 700 286 Nocturno.

423 332 618 368 Antiphonae.

223 388 253 420 1.
279 389 428 422 Ansanus
455 400 525 423 cum
549 390 699 431 Maxima,

326 436 454 469 Domini
477 437 599 479 fideles,

278 483 372 515 Unde
395 484 475 524 sitis,
501 485 664 524 postulant

325 532 451 570 tyranni
475 531 628 564 crudeles.

220 596 253 627 2.
281 595 502 636 Respondistis
528 597 680 628 humiles:

325 643 468 683 ingenuis
493 643 560 675 nati

280 689 393 721 Sumus
420 698 458 720 ex
482 689 677 730 parentibus,

326 736 386 768 hac
409 736 443 767 in
467 737 547 769 urbe
571 736 644 768 sati.

219 803 251 834 3.
277 803 363 834 Ante
392 811 448 835 vos
473 803 645 842 inducitur,

324 852 361 881 ut
386 850 497 881 colatis
523 858 602 889 eum,

279 897 376 936 Quem
403 897 544 930 Judaeus
568 896 710 936 perfidus

327 944 456 976 damnat
476 944 566 984 quasi
590 952 689 978 reum,

416 1047 622 1082 Responsoria.

220 1103 250 1136 1.
277 1103 411 1136 Nostros
439 1105 513 1136 deos
540 1105 643 1144 colite,

326 1159 387 1190 quo
411 1151 481 1182 sitis
506 1152 623 1182 victuri

278 1197 323 1228 Et
348 1206 400 1229 eos
423 1199 581 1237 propitios

324 1243 414 1276 vobis
439 1243 595 1283 habituri3

274 1290 414 1323 Ferunt:
440 1299 503 1322 non
524 1298 558 1323 se
583 1298 684 1329 neque
708 1298 764 1322 vos

324 1338 357 1369 hi
381 1339 455 1369 sunt
478 1337 670 1377 protecturi;

208 1383 242 1416 V.
275 1384 391 1416 Noster
416 1384 560 1417 Christus
584 1384 737 1416 Dominus

320 1431 431 1463 mundi
454 1432 656 1473 gubernator,

276 1479 339 1510 Pro
365 1487 425 1519 quo
449 1481 573 1510 nosmet
595 1479 760 1515 tradimus,

326 1526 418 1558 adest
441 1525 603 1557 liberator.

218 1592 249 1624 2.
276 1590 395 1623 Nostra
419 1600 482 1624 vox
505 1592 676 1631 instrepuit

324 1638 453 1671 auribus
479 1639 611 1678 aeterni,

276 1686 352 1725 Ipse
378 1686 433 1718 det
455 1689 491 1718 ut
515 1686 624 1726 epulas

323 1733 430 1772 gaudii
455 1733 584 1772 superni

279 1779 408 1820 Nosque
431 1780 539 1812 trahat
563 1777 697 1811 famulos

329 1830 361 1858 et
384 1835 419 1859 se
443 1827 529 1858 sinat
554 1827 659 1869 cerni3

207 1874 245 1908 V.
277 1876 315 1908 In
342 1883 402 1914 quo
426 1873 499 1906 finis
523 1874 670 1914 omnium,

327 1924 439 1962 regnat
460 1922 579 1962 absque
602 1920 675 1964 fine,

277 1969 403 2002 Afferat
426 1969 605 2001 antidotum

326 2025 466 2050 summae
491 2016 677 2049 medicinae.

219 2087 249 2118 3.
277 2083 469 2117 Crucifixum
493 2083 635 2123 spernite

322 2132 436 2165 «lovem
459 2130 653 2173 venerando,

277 2180 344 2220 Ipsi
368 2181 443 2212 vota
467 2178 596 2210 reddite

322 2226 415 2259 simul
438 2225 612 2263 adorando,

275 2275 379 2307 Menti
403 2282 521 2312 poenas
545 2272 695 2305 horridas

327 2324 359 2353 et
383 2321 471 2352 carni
492 2319 647 2358 levando3

208 2371 246 2404 V.
278 2369 312 2401 Si
339 2367 506 2402 caelestem
531 2367 710 2407 principem

325 2423 419 2450 nosse
442 2414 654 2455 quaerebatis,

958 252 1044 284 Scite
1068 251 1123 291 nil,
1150 250 1234 290 quod
1258 251 1371 293 colitis,

1001 298 1080 339 fore,
1107 298 1160 337 qui
1183 298 1306 332 erratis.

1021 411 1067 443 In
1094 412 1123 444 3.
1152 411 1379 444 Nocturno.

1100 484 1294 521 Antiphonae.

902 542 931 574 1.
960 542 1081 574 Cuncta
1105 541 1183 573 fecit
1206 542 1364 584 Juppiter,

1004 588 1111 620 ferunt
1135 590 1348 629 imperantes3

957 635 1061 675 Absit,
1087 636 1186 676 aiunt,
1212 636 1339 674 providi

1005 684 1070 715 sint
1090 683 1169 714 haec
1189 682 1379 722 judicantes.

901 739 932 771 2.
960 738 1111 770 Constant
1134 746 1275 778 quaeque
1300 738 1428 770 condita

1004 784 1100 816 verbo
1126 785 1186 816 Dei
1210 785 1311 823 patris

959 832 1008 863 Ac
1029 831 1125 863 idolis
1147 831 1306 864 hominem

1006 879 1131 911 devium
1153 879 1211 910 sub
1237 879 1327 911 atris.

898 935 929 966 3.
956 935 1102 974 Pugnant
1127 938 1237 966 contra
1261 935 1369 966 miseri

1005 982 1091 1013 dicta
1112 982 1349 1022 prophetarum,

957 1028 1043 1060 Viris
1067 1037 1139 1059 nam
1160 1028 1324 1060 malevolis

1003 1074 1086 1106 scire
1111 1084 1174 1106 non
1200 1077 1248 1105 est
1273 1075 1401 1106 clarum.

1099 1157 1307 1193 Responsoria.

899 1214 929 1247 1.
956 1216 1027 1247 Non
1058 1223 1114 1245 vos
1137 1214 1199 1245 huc
1223 1214 1414 1247 adduximus

1003 1261 1089 1299 loqui
1116 1261 1155 1292 de
1179 1260 1354 1306 prophetis,

955 1308 1019 1339 Sed
1043 1316 1204 1339 monemus
1230 1307 1318 1339 illico

1004 1354 1064 1387 diis
1095 1354 1275 1395 immoletis,

954 1401 1073 1440 Quodsi
1097 1402 1359 1444 contempseritis,

1001 1457 1110 1480 necem
1135 1448 1298 1488 sentietis3

885 1495 922 1527 V.
952 1495 1122 1529 Reddunt:
1149 1496 1233 1527 viam
1258 1496 1420 1536 sequimur

1002 1542 1064 1575 Dei
1087 1542 1243 1583 veritatis,

958 1590 1054 1629 Cujus
1079 1599 1142 1622 non
1166 1589 1340 1630 peribimus

1002 1637 1163 1669 haerendo
1188 1637 1359 1669 mandatis.

899 1695 931 1726 2.
958 1693 1119 1733 Spiritalis
1147 1692 1231 1725 filius

1007 1749 1076 1772 cum
1103 1740 1220 1772 dilecta
1243 1742 1356 1780 matre,

959 1788 1075 1821 Carcer
1104 1796 1205 1827 neque
1230 1787 1365 1830 vincula,

1004 1834 1119 1874 inquit,
1145 1833 1201 1866 fiet
1225 1842 1309 1873 acre,

957 1882 1040 1915 Nam
1065 1884 1177 1921 potare
1203 1881 1333 1913 calicem

1004 1929 1183 1970 quaerimus
1205 1938 1264 1969 pro
1289 1931 1398 1968 patre3

886 1977 926 2010 V.
958 1978 1166 2011 Carceramur
1191 1976 1307 2009 acriter

1003 2025 1094 2064 jussu
1118 2026 1335 2065 tyrannorum,

958 2072 1024 2105 Ubi
1047 2071 1131 2103 bona
1153 2071 1313 2111 poscimus

1004 2119 1089 2158 regis
1114 2120 1307 2160 angelorum.

901 2178 933 2211 3.
958 2177 1007 2208 Tu
1031 2176 1186 2218 probasti,
1212 2175 1358 2215 Domine,

1006 2224 1105 2256 corda
1128 2226 1247 2261 nostra,
1275 2222 1422 2262 clamant,

957 2272 1036 2312 Igne
1059 2270 1117 2302 hos
1142 2268 1313 2307 examinas,

1007 2317 1060 2358 qui
1084 2319 1117 2347 te
1141 2324 1267 2355 semper
1291 2317 1407 2357 amant,

959 2366 1005 2397 At
1028 2364 1056 2396 si
1080 2363 1123 2395 sit
1145 2362 1306 2403 iniquitas,

1005 2413 1062 2444 ille
1086 2411 1150 2452 dat,
1176 2418 1257 2451 quae
1279 2411 1403 2444 sanant.

1277 2464 1337 2494 13*
