1652 2615
184 229 214 261 3.
240 227 339 267 Regia
362 226 526 265 progenies

284 274 445 305 Illustrata
469 271 543 313 sole,

239 321 325 353 Leva
354 320 458 358 lapsos
484 318 599 355 septies

285 366 352 398 Nos
380 373 449 397 eum
475 371 565 394 sacra
589 361 687 402 prole,

170 414 206 446 V.
243 415 339 446 Posce
363 411 423 449 piis
450 410 531 440 dona

285 458 372 497 regni
397 456 554 487 mediante
579 462 701 485 corona.

326 597 372 629 ln
397 595 624 627 Laudibus.

389 678 583 713 Antiphonae.

188 749 219 779 1.
246 745 364 778 Laudis
390 749 421 777 et
443 744 583 775 laetitiae

290 792 391 824 Pallio
419 792 549 822 vestitur

239 840 325 871 Fons
350 837 594 874 misericordiae,

288 885 418 924 Sceptro
443 884 616 916 redimitur.

186 953 218 984 2.
243 950 336 982 Atria
359 948 510 988 fidelium,

290 996 430 1028 dubilate
452 995 531 1036 Deo,

246 1044 484 1075 Praesumentes
509 1040 654 1080 gaudium

292 1089 353 1121 Hic
377 1089 408 1119 in
432 1088 581 1126 jubilaeo.

190 1156 220 1187 3.
248 1153 369 1185 Nomen
398 1156 434 1184 ut
458 1152 632 1184 audivimus

293 1200 413 1231 Summi
441 1199 539 1237 patris
564 1199 638 1236 nati,

248 1247 300 1278 Sic
329 1254 386 1285 per
410 1248 541 1277 matrem
566 1244 698 1276 vivimus

295 1292 407 1324 Gratia
434 1290 567 1325 fundati,

190 1359 222 1391 4.
248 1358 325 1396 Ejus
350 1356 527 1387 benedictio

299 1403 399 1443 Super
421 1411 477 1434 nos
501 1401 652 1441 firmetur,

253 1450 313 1489 Qui
337 1450 377 1481 de
396 1450 506 1481 matris
530 1449 648 1487 gremio

298 1496 430 1527 Maestis
453 1496 627 1527 miseretur.

197 1563 227 1595 5.
253 1562 378 1594 Laudet
401 1561 501 1593 omnis
526 1560 655 1600 spiritus

302 1607 494 1639 Genitricem
519 1606 589 1641 Dei,

256 1656 318 1687 Per
344 1663 435 1694 quam
462 1653 545 1686 cedit
568 1654 710 1694 gemitus,

299 1700 419 1732 Crescit
441 1700 529 1740 vigor
552 1702 630 1739 spei.

367 1792 411 1819 Ad
431 1791 611 1820 Benedictus.

186 1860 226 1891 A.
256 1860 335 1897 Ave,
361 1858 447 1889 sidus
472 1859 598 1896 saeculi,

304 1905 426 1936 Titulus
450 1904 571 1942 salutis,

261 1951 339 1991 Spes
365 1953 396 1981 et
419 1959 506 1982 amor
530 1951 648 1991 populi,

306 1996 471 2036 Speculum
496 1997 634 2037 virtutis,

786 128 923 162 52—

909 220 1025 252 Fortes
1050 227 1147 250 nexos
1174 222 1300 251 contere

957 265 1065 297 Durae
1088 266 1258 304 servitutis,

912 312 969 351 Qui
987 320 1043 343 nos
1068 312 1168 351 ligant
1191 313 1309 342 temere

958 358 1074 396 Captos
1099 367 1120 389 a
1141 357 1287 397 versutis,

912 403 1087 442 Compedes
1117 402 1219 433 exsilii

958 449 1119 487 Rumpens
1143 456 1200 479 nos
1225 453 1322 488 tuere,

911 494 1021 527 Vultui
1047 503 1102 526 nos
1128 493 1186 525 filii

960 542 1111 581 Satagens
1136 548 1257 580 parere.

1052 643 1099 670 Ad
1119 644 1252 670 Primam.

841 713 882 744 A.
913 711 1035 752 Gaude,
1059 710 1133 742 Sion
1157 709 1232 752 filia,

958 758 1052 789 Vitae
1078 757 1254 797 disciplina,

912 804 1050 836 Matrum
1076 805 1203 835 vincens
1225 804 1314 835 milia

960 850 1042 882 Dote
1066 850 1243 889 seraphina.

980 1000 1030 1031 ln
1056 1000 1086 1032 2.
1112 999 1327 1038 vesperis.

846 1084 884 1118 R.
916 1083 1086 1123 Virginalis
1112 1084 1269 1115 thalamus

964 1130 1093 1170 Angelis
1117 1133 1257 1169 ornatur,

918 1177 1033 1208 Matris
1059 1177 1129 1208 alvo
1157 1178 1296 1208 calamus

966 1222 1053 1255 Coeli
1077 1223 1258 1261 reclinatur,

849 1271 885 1302 V.
917 1271 980 1302 Per
1006 1269 1163 1301 Gabrielis
1187 1270 1257 1301 Ave

964 1314 1001 1347 fit
1021 1325 1098 1347 onus
1115 1316 1183 1347 sine
1200 1317 1341 1355 pondere
1360 1326 1466 1350 suave.

1041 1417 1086 1445 Ad
1105 1417 1282 1453 Magnificat.

854 1485 893 1517 A.
925 1483 1123 1524 Septiformis
1149 1486 1287 1516 muneris

971 1531 1034 1562 Per
1056 1530 1245 1563 infusionem

922 1578 1022 1609 Alvus
1047 1580 1145 1609 tumet
1168 1578 1308 1618 virginis,

969 1624 1099 1657 Trinam
1123 1625 1268 1656 unionem

924 1670 987 1703 Ubi
1013 1671 1099 1702 carni
1124 1671 1253 1710 spiritus

971 1717 1109 1749 Miscens
1134 1717 1168 1749 in
1192 1722 1313 1750 secreto

923 1764 1025 1806 Uteri,
1054 1764 1202 1798 divinitus

972 1811 1061 1844 Parit
1089 1820 1148 1843 usu
1171 1815 1288 1852 spreto,

930 1857 993 1889 Sub
1019 1858 1136 1889 servuli
1161 1859 1267 1897 specie

974 1903 1080 1935 Foeno
1102 1904 1313 1943 jumentorum

930 1951 1046 1988 Regem
1074 1950 1179 1982 celans
1205 1951 1333 1993 gloriae,

974 1995 1094 2028 Lumen
1124 1998 1315 2037 angelorum.

266 2099 349 2124 Brev.
378 2106 430 2124 ms.
450 2097 627 2125 Voraviense
652 2106 726 2126 saec.
756 2096 798 2125 15.
839 2098 906 2125 Cod.
933 2098 1088 2125 Voravien.
1116 2096 1180 2125 268.
1207 2115 1244 2120 -—
1266 2100 1418 2134 „Historia
1442 2103 1478 2131 cle

192 2137 280 2163 beata
297 2135 394 2162 Maria
419 2135 531 2170 virgine
557 2134 631 2161 infra
659 2137 762 2163 festum
781 2136 912 2163 Paschae
932 2138 960 2162 ei:
977 2134 1189 2164 Pentecostes.“
1214 2151 1247 2156 —
1269 2139 1310 2165 In
1329 2137 1355 2165 2.
1376 2140 1476 2169 Noet.

194 2171 216 2200 Α
239 2171 263 2205 2,
285 2170 302 2200 3
328 2173 369 2199 Et
394 2180 445 2207 per
472 2173 531 2207 ejus
553 2174 681 2207 partum,

708 2182 801 2209 gegen
820 2173 866 2201 die
887 2173 1055 2200 Silbenzahl
1073 2173 1132 2200 und
1152 2173 1208 2202 den
1227 2178 1310 2204 sonst
1328 2179 1479 2216 sorgffiltig

191 2211 352 2248 gepfiegten
371 2209 462 2236 Reim.
483 2224 520 2228 —
540 2209 583 2236 Aci
604 2210 672 2237 Ben.
693 2208 725 2243 Α,
748 2209 781 2237 11
800 2211 892 2238 Vultu
910 2219 971 2237 nos.
