1652 2615
262 258 345 289 Dum
371 256 542 288 Cremonae
565 255 704 288 tribuisti

310 304 356 334 Te
379 305 589 342 protectorem
613 302 743 344 civibus,

263 349 363 382 Nobis
389 358 471 390 ergo,
496 350 624 388 praesul
650 348 775 391 Christi,

312 396 387 427 Tuis
412 404 558 427 succurre
579 396 743 434 precibus3

193 443 230 476 V.
261 443 307 474 Tu
335 443 387 481 qui
411 442 525 473 mundo
550 442 690 473 claruisti

309 488 470 520 Doctrinis
494 490 525 518 et
552 488 730 530 virtutibus,

264 535 371 575 Adsis,
402 536 503 574 pater,
530 535 623 568 choro
647 535 711 575 isti,

310 581 397 613 Totis
424 581 559 612 clamant
583 582 711 614 viribus.

207 638 238 668 2.
264 636 355 668 Felix
378 636 496 678 Brixia,

314 683 398 721 Quae
421 685 527 714 natum
550 684 665 724 genuit,

266 730 340 761 Plus
365 733 467 761 tamen
492 730 600 769 Melia,

312 776 396 814 Quae
421 779 542 815 patrem
567 776 683 819 habuit,

263 823 313 854 Ad
341 824 418 854 haec
441 831 499 861 per
523 824 626 855 omnia

315 870 466 902 Cremona
489 867 604 909 floruit,

312 916 396 953 Quae
420 918 560 947 sanctum
582 917 696 958 tenuit3

195 962 234 995 V.
263 963 358 994 Imeri
384 962 507 1000 caelice,

311 1008 434 1040 Christo
463 1017 518 1039 nos
543 1009 636 1049 socia,

262 1055 323 1086 Per
347 1063 437 1094 quem
460 1054 624 1094 magnifice

308 1101 461 1140 Splendet
481 1102 621 1133 ccclesia.

357 1194 402 1225 In
426 1193 650 1226 Laudibus.

404 1266 596 1301 Antiphonae.

202 1322 232 1355 1.
258 1322 377 1354 Laudis
401 1322 468 1354 Deo
494 1323 635 1356 sonorius

306 1369 403 1400 Plena
427 1377 487 1400 vox
512 1368 668 1408 offeratur,

259 1416 320 1446 Per
345 1424 435 1455 quem
458 1416 584 1454 praesul
609 1416 741 1448 Imerius

304 1463 341 1494 In
367 1462 451 1493 caelo
474 1465 648 1495 coronatur.

203 1518 232 1549 2.
258 1516 320 1548 Hic
345 1526 488 1549 sermone
511 1516 675 1549 mellifluus

304 1563 427 1605 Totum,
454 1564 537 1602 quod
561 1565 775 1606 praedicabat,

256 1610 392 1641 Primum
421 1611 454 1641 in
478 1619 512 1641 se
536 1611 584 1641 vir
608 1613 752 1643 strenuus

301 1656 455 1696 Exemplo
482 1657 725 1691 demonstrabat.

199 1713 229 1744 3.
255 1713 382 1743 Almum
406 1712 544 1752 quisquis
569 1713 652 1744 hunc
676 1715 755 1746 adiit

302 1759 456 1791 Adversis
481 1763 660 1810 occupatus,

934 256 1037 288 Ovans
1067 257 1204 288 adversa
1227 258 1322 289 redi-it

978 303 1031 335 Ad
1056 312 1113 334 sua
1137 304 1324 337 consolatus,

901 384 907 390 .
933 358 1067 390 Divinus
1091 367 1150 398 per
1173 359 1323 391 Imerium

982 404 1090 436 Cultus
1114 405 1304 446 erigebatur,

932 451 976 483 Et
1001 451 1161 482 daemonis
1184 451 1351 490 imperium

980 497 1111 530 Omnino
1137 496 1314 537 fugabatur.

901 580 907 586 .
936 552 1102 585 Collaudet
1125 554 1224 585 omnis
1249 554 1379 593 spiritus

982 600 1053 632 Hac
1078 600 1130 631 die
1153 609 1243 632 sacra
1267 601 1378 639 Deum,

934 647 1000 686 Qua
1024 645 1183 680 confessor
1207 648 1260 679 hic
1283 648 1410 679 inclitus

980 695 1169 733 Assumptus
1195 698 1244 726 est
1266 695 1307 726 ad
1337 704 1414 728 eum.

1049 786 1095 813 Act
1114 786 1296 814 Benedictus.

935 841 1037 883 Salve,
1064 843 1158 874 decus

981 890 1079 920 omnis
1105 890 1264 932 ecclesiae,

934 935 1151 968 Cremonensis

981 983 1066 1013 clara
1089 983 1143 1014 lux
1167 983 1300 1023 patriae,

933 1029 957 1061 Ο
984 1027 1143 1060 confessor

979 1075 1082 1116 imeri,
1109 1076 1229 1115 gratiae

929 1123 1125 1154 Intercessor

976 1168 1066 1200 nobis
1092 1171 1124 1199 et
1147 1169 1266 1202 veniae.

1000 1300 1043 1330 In
1069 1301 1099 1331 2.
1127 1299 1341 1339 VesperiS.

1044 1382 1090 1408 Ad
1109 1382 1287 1417 Magnificat.

929 1437 953 1469 O
977 1441 1086 1478 pastor
1112 1440 1246 1479 egregie,

973 1485 1118 1517 Lucerna
1143 1486 1268 1526 decora,

927 1531 1094 1569 Speculum
1119 1534 1305 1573 munditiae,

972 1578 1042 1609 Vox
1068 1578 1187 1610 Christi
1211 1588 1334 1622 sonora,

929 1625 1032 1655 Verae
1057 1626 1270 1664 poenitentiae

976 1671 1118 1710 Spatium
1147 1672 1293 1713 implora,

929 1717 1065 1757 Roganti
1085 1717 1224 1750 familiae

973 1765 1088 1796 Mortis
1113 1766 1243 1797 adstans
1268 1766 1356 1800 hora.

259 1833 340 1860 Brev.
366 1842 419 1860 ms.
438 1833 745 1870 Romano-Augustin.
772 1845 846 1864 saec.
870 1835 913 1865 15.
954 1838 1022 1866 Cod.
1050 1839 1189 1867 Oxonien.
1216 1840 1342 1868 Miscell.
1365 1842 1476 1878 Liturg.

188 1867 249 1896 165.
269 1885 305 1889 -
325 1871 367 1898 In
388 1869 412 1897 1.
435 1870 537 1906 Vesp.
559 1869 580 1897 Α
603 1869 629 1905 2,
650 1870 667 1900 3
685 1873 826 1901 Primerio
848 1877 983 1911 tempere.
1004 1891 1041 1895 —
1060 1877 1100 1903 In
1121 1875 1145 1904 1.
1166 1878 1215 1905 No
1225 1880 1265 1904 ct.
1280 1877 1302 1903 Α
1326 1877 1349 1913 1,
1371 1878 1388 1906 2
1407 1880 1477 1908 Par-

188 1915 240 1933 vus
263 1909 365 1935 aetate.
386 1922 420 1927 —
442 1908 483 1935 In
504 1908 530 1935 3-
551 1909 650 1936 Noct.
678 1907 697 1935 R
717 1909 740 1943 1,
762 1910 778 1939 9
798 1911 893 1948 fehlen
913 1915 984 1941 zwei
1005 1914 1120 1949 Silhen3
1138 1918 1220 1950 pater
1241 1917 1366 1951 ergiinzt.
1389 1932 1424 1935 —
1442 1919 1478 1945 In

188 1944 278 1971 Laud.
300 1945 337 1972 ad
356 1946 426 1973 Ben.
448 1943 478 1979 Α,
501 1944 516 1972 1
538 1945 635 1973 Salva.
657 1962 690 1965 —
712 1948 786 1975 Ibid.
807 1951 825 1976 δ
844 1952 884 1977 sis
904 1951 989 1978 nobis
1010 1954 1045 1979 et.

590 2056 637 2086 82.
668 2056 711 2087 De
733 2065 756 2088 s.
778 2058 877 2090 Leone
898 2059 1069 2091 catanensi.

322 2124 365 2154 In
393 2124 423 2156 1.
451 2123 665 2163 VesperiS.

399 2196 591 2232 Antiphonae.

196 2254 226 2287 1.
253 2254 425 2293 Completis
450 2253 548 2285 sacris

300 2301 445 2333 discessit
468 2302 595 2340 praesul
620 2302 658 2334 ab
683 2312 738 2335 ara

250 2349 355 2388 Atque
379 2357 503 2388 magum
527 2349 666 2381 retinens

299 2396 402 2429 subito
430 2396 564 2435 conjecit
586 2396 619 2428 in
641 2397 755 2437 ignem.

870 2130 901 2161 2.
927 2129 1086 2161 Firmatus
1110 2129 1186 2162 fidei

973 2179 1061 2208 scuto
1085 2177 1253 2209 simulacra
1278 2178 1408 2212 deorum

927 2224 1033 2254 Vertit
1057 2226 1089 2255 et
1111 2224 1144 2255 in
1168 2225 1312 2257 minimas

975 2269 1131 2311 confregit
1154 2272 1277 2312 singula
1301 2278 1418 2312 partes.

872 2345 903 2377 3.
929 2346 1000 2378 Jam
1024 2346 1162 2386 magicos
1187 2348 1267 2380 ritus

976 2391 1089 2425 Siculis
1106 2393 1172 2426 Leo
1197 2397 1324 2435 praesul
1349 2398 1388 2430 ab
1415 2400 1477 2431 oris
