1652 2615
201 245 231 277 3.
256 243 376 274 Hortus
401 243 553 274 virtutum
575 241 720 281 omnium,

259 289 379 320 Ferens
404 288 497 320 saluti
522 288 680 319 hominum

259 335 391 374 Lignum
418 335 502 366 vitae
527 337 557 364 et
582 333 763 372 balsamum⁷

307 381 437 419 spirans
461 380 538 413 coeli
566 379 695 410 delicias

258 427 324 458 Nos
350 426 400 457 hic
425 429 456 456 et
478 427 510 457 111
535 428 722 463 perpetuum

931 240 1101 273 Praestans
1124 243 1222 273 vitam
1248 245 1280 273 et
1303 241 1448 280 gaudium

931 287 993 318 Per
1009 288 1093 318 hunc
1109 288 1248 319 fructum
1267 287 1476 319 dulcissimum

979 333 1107 365 Ventris
1132 334 1179 366 tui
1203 333 1337 372 reficias,

870 378 909 410 V.
937 379 1003 416 Quo
1031 379 1179 411 delectati

978 425 1090 456 vivunt
1114 427 1182 456 sine
1206 424 1268 455 fine
1293 424 1389 457 beati.

262 481 345 507 Brev.
371 488 422 506 mS.
443 480 551 506 Montis
582 487 604 505 s.
624 478 737 506 Mariae
763 485 837 504 saec.
867 476 909 505 15.
933 478 1001 504 Cod.
1022 478 1275 512 Guelfenbyteran.
1298 475 1362 512 353,
1383 478 1479 505 Helm-

188 516 251 546 319.
271 517 303 543 A.
325 531 362 536 —
380 516 487 550 Hymn.
508 524 560 542 ms.
583 516 693 543 Montis
714 515 862 543 &Mariae
882 522 950 541 saec
981 512 1026 542 13,
1041 515 1109 541 Ood.
1125 515 1377 549 Guelfenby’teran.
1398 512 1481 541 1257.

188 554 283 582 Helm.
320 551 398 581 1150.
426 554 458 580 B.
487 567 522 571 —
548 553 584 580 In
611 554 634 580 B
661 552 726 579 sind
754 551 801 579 die
827 550 874 577 ΑΑ
901 552 950 578 del·
977 553 1072 578 ersten
1097 553 1208 587 Vesper
1233 553 1278 579 bis
1305 560 1342 577 zu
1368 551 1418 578 der
1445 550 1481 577 :.‹1

186 593 283 625 Magn.
306 590 473 618 ausradiert.
507 590 563 617 Dio
583 590 644 617 drei
664 597 711 616 am
726 588 862 617 Schlusse
882 589 1083 623 ausgestihrten
1103 589 1310 624 iiberziihligen
1326 586 1370 613 RH
1384 588 1481 615 fehlen

188 631 218 655 111
233 629 257 654 Δ
278 628 338 654 und
357 627 458 654 ntehen
477 629 509 654 in
524 627 546 654 Β
566 628 663 654 hin-ter
683 627 732 653 der
747 624 769 653 Α
790 626 826 652 ad
841 626 946 653 Bencd.
979 627 1040 653 nas
1061 626 1147 654 dritte
1160 626 1311 653 derselben
1325 626 1365 652 ist
1375 633 1481 661 augen-

189 665 347 693 scheinlich
376 665 421 699 spii·
429 667 471 691 ter
495 672 553 691 von
574 666 667 691 ciuem
687 664 813 691 anderen
833 663 983 691 Veffassor
1002 664 1142 699 gemacht.
1182 663 1326 691 Dasselbe
1348 663 1405 698 gilt
1424 671 1483 689 von

188 703 304 737 einigen
325 700 385 735 ΑΑ,
414 702 523 729 welche
550 703 581 729 in
608 702 634 729 A
654 701 728 728 nach
749 700 865 729 Schluss
889 700 938 727 des
959 699 1107 728 Officiums
1127 701 1224 736 folgcn
1244 700 1302 727 und
1323 700 1388 727 hier
1407 708 1482 736 weg-

187 739 310 767 bleiben.

633 828 675 860 15.
701 830 744 860 De
764 828 858 860 beata
877 829 976 861 Maria
995 830 1030 861 V.

320 900 366 931 In
394 899 423 931 1.
449 898 664 937 vesperis,

397 971 589 1007 Antiphcnae.

202 1031 232 1062 1.
259 1030 337 1070 Ave,
363 1031 472 1072 mater,
499 1029 588 1068 virgo
612 1038 702 1068 pura,

263 1076 357 1114 Cujus
383 1084 469 1107 mens
496 1075 537 1107 ad
563 1075 665 1107 carnis
687 1076 760 1114 jura

259 1122 356 1154 Nulla
381 1131 415 1153 se
438 1123 570 1162 impegit
595 1131 679 1156 cura.

203 1188 233 1220 2.
259 1188 344 1219 Laus
369 1187 412 1217 sit
434 1189 507 1218 tuae
531 1187 652 1226 pietati,

261 1234 323 1264 Per
348 1242 440 1273 quam
465 1233 587 1272 primae
612 1234 736 1265 caritati

259 1280 434 1311 Reddimur
459 1278 653 1319 configurati.

205 1347 235 1377 3.
263 1346 340 1382 Ave,
367 1344 455 1384 virgo
482 1347 674 1384 consecrata,

261 1391 365 1422 Verbo
389 1392 489 1429 patris
516 1390 697 1423 confirmata

266 1438 368 1476 Super
391 1437 557 1476 Seraphim
581 1438 694 1471 locata.

205 1505 237 1536 4,
266 1501 353 1533 Sicut
374 1502 472 1533 hiems
498 1506 604 1534 servat
627 1504 748 1535 laurum

264 1548 306 1579 Et
331 1551 366 1580 ut
390 1549 482 1580 limus
508 1550 614 1581 reddit
638 1559 758 1591 aurum,

264 1595 315 1626 Sic
340 1595 502 1627 coelestem
530 1594 593 1627 fert
615 1597 805 1629 thesaurum.

205 1660 234 1692 5.
262 1661 430 1691 Incarnata
455 1661 554 1692 deitas

309 1706 430 1738 Psallat
453 1707 486 1738 in
509 1707 623 1747 Maria,

267 1752 403 1793 Virginis
429 1752 604 1786 fecunditas

312 1800 448 1831 plaudat
471 1801 665 1839 symphonia.

206 1865 244 1898 R.
271 1864 402 1903 Praebe,
428 1868 536 1906 mater,
561 1864 625 1897 filio

312 1911 451 1943 Pectoris
475 1911 638 1954 mamillas,

266 1956 363 1988 Vultu
386 1965 444 1987 nos
469 1958 607 1996 propitio

315 2003 430 2034 Cernat
453 2007 487 2034 ut
513 2012 570 2043 per
593 2005 683 2044 illas3

204 2049 241 2082 V.
269 2049 407 2080 Vulnera
431 2049 535 2087 pande
558 2051 651 2092 patri,

312 2096 388 2127 «lesu
409 2095 472 2137 pie,
500 2104 633 2127 consona
656 2098 760 2128 matri.

382 2177 426 2203 Ad
444 2177 622 2214 Mag-nificat.

204 2232 242 2263 A.
269 2230 372 2269 Salve,
398 2238 524 2269 germen
549 2230 676 2271 gloriae,

311 2276 433 2308 Nobilis
458 2276 571 2316 Maria,

267 2323 370 2363 Salve,
397 2332 478 2355 vena
500 2323 618 2365 veniae,

312 2370 422 2403 Duleis
448 2370 586 2410 theoria3

932 898 1035 940 Salve,
1060 897 1176 930 florens
1197 899 1300 937 vinea,

979 946 1061 977 Vitis
1086 945 1239 987 speciosa,

931 992 1034 1033 Salve,
1061 1001 1167 1032 regum
1193 993 1287 1032 linea,

979 1039 1171 1078 Reginarum
1196 1048 1285 1078 rosa3

934 1086 1037 1124 Salve,
1064 1095 1157 1125 quam
1182 1085 1344 1118 absorbuit

979 1134 1119 1173 Impetus
1146 1133 1276 1172 doloris,

934 1181 1000 1217 Quo
1025 1179 1057 1210 in
1084 1188 1176 1211 cruce
1200 1179 1323 1219 stupuit

981 1226 1053 1257 Vita
1077 1227 1297 1265 redemptoris.

934 1273 1043 1304 Crucis
1068 1273 1127 1304 hoc
1149 1273 1266 1304 intuitu

983 1318 1079 1351 Salva
1102 1328 1159 1351 nos
1183 1323 1343 1360 gementes

933 1365 978 1396 Et
1003 1366 1135 1397 contrito
1161 1366 1276 1405 spiritu

981 1412 1054 1444 Tibi
1078 1414 1258 1445 servientes.

998 1514 1057 1546 Ad
1082 1515 1342 1549 Matutinum.

1061 1588 1273 1616 Invitatorium.

932 1645 971 1676 In
991 1646 1110 1677 honore
1134 1646 1265 1685 virginis

983 1691 1142 1725 Christum
1166 1693 1333 1724 adoremus

934 1738 977 1769 Et.
999 1739 1154 1771 nutricem
1177 1740 1303 1772 luminis

981 1786 1113 1817 Psalmis
1134 1786 1315 1826 jubilemus.

989 1888 1034 1919 In
1069 1889 1098 1920 1.
1126 1888 1351 1920 Nocturno.

1075 1959 1269 1996 Antiphonae.

903 2041 909 2049 .
935 2018 1128 2057 Angelorum
1155 2019 1297 2050 dominus

981 2064 1097 2095 Matris
1120 2064 1254 2104 implens
1278 2068 1390 2105 pectus

935 2110 1066 2150 Angelis
1091 2112 1185 2149 paulo
1210 2112 1312 2144 miuus

980 2157 1088 2189 Minor
1112 2161 1161 2189 est
1183 2157 1319 2194 effectus.

905 2259 911 2266 ,
935 2233 1060 2264 Ponens
1085 2233 1322 2267 tabernaculum

983 2279 1020 2310 In
1044 2279 1212 2317 splendore
1237 2283 1312 2314 solis

934 2325 1055 2364 Expiet
1077 2326 1235 2364 piaculum

983 2372 1160 2407 Adaminae
1184 2377 1293 2415 prolis
