1652 2615
157 631 196 663 V.

686 117 919 153 „15—

362 210 569 246 Responsoria.

192 281 199 288 .
226 256 346 288 Summi
370 257 432 290 Dei

274 304 360 336 trina
382 306 576 347 monarchia,

225 350 298 382 Una
322 352 418 383 trium

275 397 411 438 simplex
435 403 483 431 est
506 400 584 439 usia,

226 444 342 476 Tribus
370 446 453 477 inest

274 491 332 523 sub
357 502 422 524 una
445 493 541 525 latria

227 539 338 570 Honor
362 548 451 579 unus,

274 586 413 624 aequalis
438 587 547 626 gloria.

229 630 395 671 Seraphim
420 635 469 664 ter
487 637 613 665 sanctus
631 635 777 677 clamant,

229 678 362 717 Semper
393 679 525 712 laudant
548 681 649 722 hunc,
687 690 777 721 quem

552 731 668 760 amant.

160 781 191 813 2.
216 780 287 813 Lux
314 781 426 814 diffusa
450 783 540 814 radio

275 828 425 860 Protinus
450 839 485 861 se
508 831 709 871 multiplicat,

229 875 315 915 Ignis
341 876 455 908 caloris
475 878 609 917 proprii,

277 921 390 954 Statim
415 925 450 954 ut
475 926 531 960 est,
559 925 620 956 vim
646 924 777 965 indicat,

189 992 196 999 .
228 968 281 1000 Sic
305 972 397 1008 pater
422 978 490 1002 esse
514 970 574 1002 filii

230 1016 306 1048 Cum
332 1016 473 1055 eJ'usdem
498 1017 634 1049 dominio

276 1062 328 1094 Ab
354 1066 482 1095 aeterno
509 1063 670 1098 clarificat.

335 1130 365 1160 A
378 1129 398 1161 d
424 1130 450 1161 L
462 1139 481 1160 a
490 1138 508 1161 u
520 1129 539 1160 d
550 1138 567 1161 e
576 1139 601 1164 s¹

373 1184 567 1220 Antiphonae.

194 1256 201 1262 .
230 1231 333 1263 Corde
357 1231 461 1264 fidelis
486 1234 601 1265 sentiat

227 1280 273 1311 Et
297 1287 351 1310 ore
376 1287 438 1310 non
465 1280 630 1312 dissentiat

276 1325 423 1365 Regnare
447 1327 630 1366 trinitatem,

228 1372 331 1409 Hanc,
358 1373 445 1412 cujus
471 1382 550 1412 esse,
578 1375 682 1406 vivere

230 1420 318 1451 Idem
344 1423 376 1451 et
398 1419 586 1460 intelligere,

276 1466 426 1498 Amemus
447 1468 608 1502 unitatem.

230 1524 260 1554 A
284 1526 377 1561 patre
403 1524 649 1565 comprehensio,

229 1571 260 1601 A
286 1570 382 1602 verbo
409 1570 503 1603 datur
527 1571 606 1603 visio

277 1616 395 1650 Trinae
417 1617 570 1650 bonorum
595 1618 724 1659 gloriae,

230 1664 259 1694 A
287 1663 368 1695 dono
394 1667 442 1695 est
466 1663 584 1703 fruitio,

230 1710 297 1749 Quo
321 1709 357 1741 fit
381 1710 576 1750 justificatio,

280 1757 357 1789 Cum
381 1757 424 1788 sit
449 1758 582 1789 donator
606 1759 735 1799 gratiae.

160 1816 191 1847 3.
219 1814 326 1853 Imago
351 1814 452 1853 patris
477 1815 650 1858 speculum,

229 1861 337 1893 Nexus
363 1861 474 1893 horum
499 1862 701 1903 spiraculum,

275 1909 311 1940 In
339 1908 425 1940 coelo
451 1918 511 1948 quo
535 1909 640 1949 locati,

230 1956 296 1995 Quo
320 1956 436 1988 trinum
460 1965 574 1996 panem
600 1957 737 1999 capiunt,

227 2003 276 2035 Eo
301 2003 373 2042 plus
396 2002 457 2035 frui
483 2004 595 2036 sitiunt

276 2050 443 2090 Conjuncti
466 2051 611 2086 trinitati.

836 215 866 247 4.
893 214 970 247 Jure
994 217 1026 246 te
1050 214 1182 246 laudant
1206 215 1318 254 omnia,

903 262 1053 301 Trinitas,
1081 261 1157 293 coeli
1179 262 1289 301 gloria,

953 308 1029 340 Cum
1053 308 1162 340 horum
1188 309 1231 340 sis
1256 309 1402 346 creatrix,

902 357 939 387 In
965 355 1013 387 his
1037 355 1120 388 lucet
1141 357 1292 396 potentia,

905 402 1035 434 Bonitas
1062 404 1093 433 et
1116 402 1257 443 scientia,

951 449 1087 488 Quorum
1113 458 1145 480 es
1171 449 1394 481 conservatrix.

873 530 879 536 .
905 505 1040 537 Domine
1062 505 1159 545 Deus,
1184 507 1220 536 tu
1243 505 1359 536 trinam

906 551 1017 583 Mundi
1042 552 1095 590 qui
1120 552 1202 591 regis
1226 551 1411 589 machinam,

952 598 1041 638 Jugis
1068 601 1170 630 custos
1197 601 1390 636 cunctorum,

907 646 1072 682 Numerus
1097 645 1230 687 pondus⁷
1257 653 1403 677 mensura

907 691 1039 730 signant
1062 694 1094 722 te
1117 693 1149 723 in
1176 695 1320 724 creatura

953 738 1079 770 Trinam
1104 747 1227 770 causam
1254 741 1444 770 cunctorum.

1022 811 1066 840 Ad
1085 811 1267 840 Benedictus.

868 885 874 891 .
906 862 929 893 O
956 861 1056 892 virtus
1082 863 1193 891 cuncta
1217 860 1371 900 baJ'ulans,

905 908 1027 939 Natura
1050 916 1175 946 semper
1197 907 1366 946 pullulans,

951 954 1058 992 Pater,
1080 954 1112 985 in
1136 958 1170 985 te
1195 953 1268 984 dum
1291 951 1439 991 flecteris,

953 1000 991 1032 In
1015 1001 1105 1039 prole
1129 1009 1188 1039 par
1213 1000 1409 1039 exprimeriS„

1000 1046 1102 1078 Ambo
1127 1048 1161 1078 in
1186 1055 1310 1085 amore3

907 1094 1001 1125 Hunc
1024 1093 1126 1133 spirat
1149 1094 1252 1124 lumen
1278 1094 1442 1132 geminum,

906 1141 1006 1172 Natus
1033 1148 1100 1171 curn
1125 1142 1216 1179 patre
1241 1140 1401 1178 luminum,

955 1187 1064 1219 Ortum
1089 1187 1136 1217 rei
1159 1186 1299 1218 vertibili

953 1234 1017 1265 Dat
1040 1233 1126 1265 Deus
1149 1232 1337 1265 immutabili

1000 1280 1105 1312 Verbo
1130 1281 1163 1312 in
1188 1281 1313 1313 ardore.

909 1328 975 1359 Nos
1002 1328 1102 1359 crucis
1128 1330 1248 1366 emptos
1271 1327 1372 1358 loculo

909 1374 1005 1406 Trino
1028 1375 1131 1413 signet.
1154 1373 1325 1413 signaculo,

956 1422 1015 1459 Qui
1036 1421 1138 1452 carnis
1162 1421 1203 1453 ad
1230 1420 1415 1452 connubium

954 1468 1087 1500 Tractus
1111 1470 1252 1499 nostrum
1279 1467 1420 1498 exsilium

1001 1515 1102 1547 Duxit
1124 1515 1157 1546 in
1184 1514 1300 1546 dolore.

977 1602 1023 1633 In
1049 1600 1080 1633 2.
1107 1598 1319 1638 Vesperi&

1024 1665 1069 1692 Ad
1087 1663 1264 1700 Magnificat.

869 1749 876 1755 .
906 1723 1007 1754 Beata
1031 1724 1140 1754 sancta
1163 1721 1299 1757 trinitas,

906 1770 1080 1801 Memoriae
1104 1771 1139 1800 tu
1162 1768 1276 1807 unitas,

906 1816 1047 1849 Notitiae
1070 1818 1105 1846 tu
1130 1815 1258 1853 veritas,

908 1863 1086 1896 Voluntatis
1110 1866 1144 1894 tu
1168 1862 1303 1901 bonitas,

906 1911 973 1943 Fac
995 1910 1101 1949 corde,
1128 1918 1191 1949 ore,
1218 1917 1314 1949 opere

907 1958 1095 1991 Studeamus
1119 1960 1152 1988 te
1177 1957 1289 1995 colere,

905 2007 944 2038 In
968 2005 1058 2037 nobis
1084 2003 1216 2036 formam
1240 2012 1359 2045 gerere,

906 2052 995 2091 Quod
1020 2051 1176 2092 possimus
1199 2054 1232 2082 te
1255 2059 1396 2084 noscere.

233 2108 317 2134 Brev.
338 2116 390 2135 ms.
411 2107 636 2135 Franciseanum
657 2117 732 2136 saec.
753 2107 826 2137 14l15.
860 2109 928 2136 Ood.
948 2108 1072 2136 Parisin.
1096 2105 1177 2135 1290.
1198 2122 1234 2126 —
1254 2108 1295 2135 Iu
1316 2105 1340 2134 1.
1355 2108 1455 2134 Not-t.

158 2143 177 2171 R
202 2143 226 2178 1,
241 2144 260 2173 4
282 2144 362 2172 Huic
381 2145 461 2173 salus
483 2147 568 2182 quasi
586 2144 658 2182 (qui)
677 2147 763 2174 dicat.
783 2162 819 2166 —
842 2144 862 2172 R
883 2144 910 2181 2,
931 2145 949 2175 3
969 2149 997 2173 et
1016 2145 1096 2173 fehlt.
1110 2160 1147 2164 —
1165 2142 1184 2171 R
1202 2143 1228 2180 3,
1248 2143 1265 2171 2
1286 2144 1369 2172 Lies:
1392 2144 1456 2176 Qua

156 2183 251 2211 nihil?
273 2197 308 2202 ····
331 2181 350 2208 Β
372 2182 399 2217 3,
420 2182 437 2211 ’5
452 2184 571 2211 FUlXUS-
591 2199 629 2203 -
644 2182 664 2209 R
685 2185 712 2218 3,
733 2183 750 2212 9
769 2185 866 2213 fehlen
885 2187 958 2212 zwei
974 2184 1088 2217 Silben3
1109 2192 1199 2210 unum
1219 2184 1345 2218 ergiinzt.
1369 2181 1457 2208 —111

156 2220 183 2248 2,
204 2221 306 2249 Noct.
328 2219 350 2246 Α
379 2220 407 2253 1,
433 2219 451 2249 3
471 2222 548 2257 Ipsis
576 2222 693 2250 bonitas
720 2224 870 2259 originem.
891 2237 928 2241 -—
950 2220 970 2249 R
994 2220 1023 2254 1,
1052 2219 1069 2249 8
1090 2220 1189 2248 Serme
1210 2221 1339 2257 requirit.
1362 2235 1396 2239 —
1416 2219 1456 2246 In

155 2258 181 2287 3·
202 2259 302 2287 NOO‘G-
323 2257 346 2285 Α
367 2258 394 2292 2,
417 2257 430 2286 1
452 2260 524 2288 Nesi
544 2261 669 2287 trinitas.
690 2276 727 2280 —
746 2261 797 2288 Ad
816 2260 961 2289 Laudes
978 2258 999 2285 Α
1023 2258 1047 2293 1,
1069 2257 1088 2285 4
1109 2267 1201 2286 essem
1229 2272 1267 2277 —-
1287 2255 1309 2282 Α
1330 2256 1356 2284 2.
1382 2258 1398 2285 6
1419 2258 1458 2283 sit

156 2297 265 2324 doctor.
285 2310 323 2316 -—-
337 2295 359 2322 Α
381 2297 406 2332 5,
430 2296 444 2324 1
459 2298 539 2326 Deus
562 2299 594 2325 in
615 2299 699 2325 trina.
722 2312 755 2317 -—-
775 2297 796 2324 Α
813 2297 839 2333 5,
861 2296 878 2325 2
892 2307 979 2334 quam
993 2299 1077 2333 regis.
1095 2314 1123 2316 —
1144 2297 1187 2324 Zu
1201 2296 1311 2323 diesem
1324 2295 1456 2323 Officium

154 2334 282 2371 geheren
302 2334 349 2363 die
369 2337 506 2372 Hymnen
525 2335 570 2363 Ad
590 2337 693 2371 Vesp.:
714 2337 749 2364 In
768 2337 929 2372 majestatis
950 2335 1024 2364 solio
1047 2335 1132 2367 (Dan.
1153 2335 1180 2369 1,
1202 2332 1279 2369 276);
1301 2333 1338 2360 ad
1358 2334 1454 2361 Noeta

156 2373 187 2440 (ἐ
210 2373 263 2400 lux
286 2373 517 2448 {telateiaetriuitas
540 2374 649 2408 (Ibid.)·,
681 2374 717 2402 ad
741 2372 871 2403 Laudes:
903 2375 1059 2402 Aeternum
1085 2381 1136 2400 ens
1162 2373 1339 2409 principium
1361 2370 1457 2406 (Anal,

187 2419 266 2448 ymn.
331 2433 338 2448 ‚
408 2431 414 2439 .
