1652 2615
711 118 969 154 —277-—

314 216 378 248 Ad
401 216 671 249 Matutinum-

393 280 610 309 Invitatorium.

260 328 339 360 Jesu
363 328 490 361 Christo
515 330 729 369 supplicemus

260 375 434 416 Veniteque
463 377 639 420 adoremus,

259 422 318 461 Qui
343 422 545 455 Theodorum
569 424 689 456 amavit

259 469 461 510 Militemque
485 472 656 504 coronavit.

319 555 365 587 In
394 557 423 588 1.
449 556 681 589 Nocturno.

407 619 600 656 Antiphonae.

207 667 236 700 1.
261 667 379 700 Beatus
405 668 454 699 vir
478 668 511 699 in
531 668 642 710 gloria,

264 715 323 753 Qui
352 715 468 746 transit
492 724 562 747 cum
587 715 730 754 victoria,

265 760 355 793 Sicut
376 761 525 793 transivit,
546 761 662 793 nobilis

268 808 454 840 Theodorus
479 808 660 840 laudabilis.

207 866 238 897 2.
265 864 369 903 Quare
393 868 503 904 gentes
529 863 726 897 fremuerunt

265 911 311 944 Et
333 912 459 943 insimul
485 912 686 954 adstiterunt,

266 958 312 990 Ut
336 959 532 991 decollarent
554 959 697 990 inclitum

265 1005 387 1038 Ducem
413 1009 445 1036 et
468 1009 562 1046 caput
587 1006 730 1039 militum.

210 1063 240 1095 3.
266 1062 484 1103 Multiplicati,
511 1061 656 1100 Domine,

267 1108 347 1141 Sunt
368 1109 497 1148 plurimi
523 1117 592 1140 cum
618 1109 758 1152 crimine,

268 1155 315 1187 Ut
334 1158 505 1195 martyrem
533 1156 702 1188 caederent

267 1202 311 1235 Et,
331 1211 351 1234 a
376 1202 501 1235 Christo
527 1203 717 1237 dividerent.

404 1267 611 1304 Responsoria.

214 1316 243 1348 1.
270 1315 448 1355 Theodore,
474 1315 611 1347 bellator

270 1363 422 1395 Veritatis
449 1365 480 1394 et
504 1366 636 1402 amator,

270 1410 409 1450 Propter
431 1409 528 1442 fidem
555 1410 702 1442 corruisti

271 1457 408 1490 Mortem
434 1461 463 1489 et
489 1466 551 1489 non
574 1456 718 1497 timuisti,

203 1505 239 1538 V.
270 1504 319 1536 Tu
341 1506 469 1536 terrena
494 1504 686 1536 conculcasti

271 1551 316 1584 Et
340 1554 497 1583 tormenta
522 1551 689 1591 superasti.

215 1610 246 1641 2.
272 1608 336 1642 Per
358 1607 534 1640 Euchaiam
558 1607 721 1648 pergebat,

272 1655 340 1688 Ubi
365 1655 460 1687 draco
484 1654 680 1694 perfui-ebat,

273 1702 372 1741 Quem
396 1702 582 1734 Theodorus
606 1702 725 1734 occidit

275 1749 320 1782 Et
346 1750 470 1792 dejecit,
498 1751 623 1790 quando
648 1749 748 1792 vidit3

205 1798 243 1831 V.
277 1796 372 1837 Signo
399 1797 500 1829 crucis
525 1805 560 1828 se
582 1797 732 1837 protexit,

276 1845 330 1877 Ad
358 1845 525 1876 draconem
552 1853 621 1876 eum
645 1845 797 1885 perrexit,

218 1903 251 1936 3.
279 1899 445 1942 Confregit
466 1903 589 1941 martyr
613 1901 702 1933 idola

276 1948 322 1982 Et
345 1948 489 1981 vendidit
513 1953 548 1980 ut
570 1947 685 1981 frivola

276 1995 321 2029 Et
344 1996 491 2037 pretium,
519 1997 603 2036 quod
627 1995 747 2036 habuit,

276 2043 474 2084 Pauperibus
501 2043 680 2083 distribuit3

207 2091 244 2126 V.
275 2092 355 2125 Post
375 2092 416 2124 ad
442 2095 612 2131 tyrannum
636 2094 788 2131 properat

277 2139 319 2172 Et
346 2139 429 2173 dixit
454 2139 523 2178 hoc,
549 2140 632 2179 quod
654 2138 784 2172 fecerat.

350 2214 395 2248 In
422 2217 454 2249 2.
480 2215 712 2250 Nocturno.

426 2281 621 2316 Antiphonae.

223 2329 255 2362 1.
282 2328 359 2361 Cum
384 2329 570 2362 Theodorus
598 2332 724 2362 vocaret

284 2375 453 2411 Dominum
480 2381 512 2409 et
536 2376 729 2417 obsecraret,

883 788 914 818 1.

937 214 1044 253 Ipsum
1067 213 1173 245 statim
1199 213 1361 245 exaudivit

936 260 981 293 Et
1005 260 1144 299 donavit,
1170 261 1255 300 quod
1279 260 1444 299 quaesivit.

905 342 913 349 .
937 315 1047 348 Verba
1075 325 1144 348 mea
1168 319 1203 347 tu
1226 316 1344 355 recipe,

938 363 977 396 In
1001 363 1128 395 auribus
1155 366 1186 394 et
1208 363 1348 404 percipe,

941 410 1066 443 Christe
1089 410 1186 450 Deus,
1210 409 1351 449 intellige

937 458 994 490 Me
1017 466 1141 496 semper
1167 460 1261 496 atque
1287 456 1397 496 dirige.

907 540 914 547 .
938 513 1082 555 Domine,
1112 516 1148 544 tu
1171 513 1330 545 coronasti

938 560 1076 592 Militem
1101 562 1132 591 et
1156 559 1325 601 honorasti,

939 608 1048 646 Ipsum
1074 615 1143 638 cum
1167 606 1356 638 constituisti

941 654 1044 693 Super
1067 654 1159 690 bona,
1187 661 1266 693 quae
1290 652 1403 684 fecisti.

1077 727 1283 763 Responsoria.

939 784 1001 817 Est
1024 784 1208 816 Theodorus
1235 787 1360 817 curatus

941 832 987 864 Et
1010 833 1045 863 in
1070 832 1164 863 dorso
1188 832 1384 871 verberatus,

942 878 986 911 Et
1015 877 1178 910 carnifices
1202 878 1360 910 radebant

946 925 1063 958 Carnes
1089 926 1155 964 eJ'us
1181 928 1214 956 et
1235 924 1432 964 torquebant.

906 998 913 1005 .
942 973 1070 1011 Martyr
1095 972 1199 1004 omnia
1222 972 1372 1011 portabat

944 1020 1106 1052 Patienter
1132 1021 1165 1050 et
1187 1019 1310 1051 orabat.

911 1100 919 1108 .
945 1075 1022 1107 Fuit,
1044 1077 1165 1114 martyr
1189 1075 1355 1114 sagittatus

948 1122 1053 1155 Oculis
1079 1130 1200 1161 quoque
1224 1122 1367 1160 privatus

947 1168 993 1200 Et
1015 1168 1169 1200 laudabat
1192 1169 1224 1199 in
1251 1175 1362 1199 cruore

948 1215 1117 1247 Dominum
1143 1215 1239 1246 corde
1264 1217 1296 1245 et
1319 1222 1382 1255 ore,

911 1288 918 1294 .
949 1262 1038 1294 Tunc
1059 1262 1198 1293 Licimus
1225 1261 1351 1293 dolebat

949 1309 993 1341 Et
1016 1308 1200 1341 Theodorus
1226 1308 1393 1348 gaudebat.

919 1390 926 1397 .
951 1365 1078 1403 Martyr
1101 1367 1150 1396 est
1172 1365 1205 1396 in
1231 1373 1355 1396 crucem
1378 1364 1490 1395 missus

951 1412 996 1444 Et
1018 1400 1147 1451 in''ipsa
1169 1411 1335 1443 crucifixus

952 1459 997 1491 Et
1018 1459 1087 1490 illic
1110 1462 1160 1490 est
1182 1459 1348 1499 sagittatus

952 1506 995 1538 Et
1017 1507 1050 1537 in
1075 1505 1214 1538 membro
1239 1506 1418 1545 mutilatus3

915 1579 921 1585 .
952 1554 1032 1586 Post
1058 1553 1098 1585 de
1120 1561 1213 1585 cruce
1237 1552 1385 1584 liberavit

952 1600 1035 1632 Eum
1060 1600 1146 1632 Deus
1171 1603 1203 1631 et,
1226 1600 1359 1632 sanavit.

1013 1705 1061 1736 111
1085 1706 1118 1737 3.
1141 1703 1368 1736 Nocturno.

1104 1778 1299 1813 Antiphonae.

924 1862 931 1868 .
959 1838 1077 1869 Arcum
1100 1845 1190 1868 suum
1214 1837 1419 1868 tetenderunt

956 1883 1002 1916 Et
1025 1884 1158 1924 sagittas
1183 1886 1376 1923 paraverunt

958 1931 1001 1964 Et
1028 1934 1199 1971 coeperunt
1222 1932 1374 1971 sagittare

957 1979 1158 2019 Militemque
1183 1980 1360 2012 vulnerare.

928 2060 935 2068 .
962 2036 1036 2076 Quis
1062 2035 1228 2077 habitabit,
1254 2035 1401 2076 Domine,

960 2085 1000 2116 In
1024 2087 1076 2115 tuo
1103 2083 1188 2115 claro
1214 2084 1343 2123 lumine,

962 2131 1020 2171 Qui
1048 2131 1151 2172 diligit
1171 2130 1328 2171 justitiam

962 2179 1006 2210 Et
1032 2178 1169 2218 despicit
1192 2178 1355 2212 malitiam.

907 2238 938 2270 3.
966 2236 1068 2275 Super
1094 2237 1189 2274 caput
1211 2235 1347 2275 posuisti

965 2282 1133 2321 Martyris,
1160 2290 1253 2322 quem
1278 2282 1429 2323 dilexisti,

966 2330 1015 2362 De
1043 2329 1204 2369 lapidibus
1231 2338 1377 2362 coronam

968 2378 1104 2416 Propter
1124 2386 1213 2416 spem
1232 2380 1262 2409 et
1281 2376 1375 2409 fidem
1394 2377 1517 2410 bonam.
