1652 2615
384 225 589 261 Responsoria.

190 291 220 322 1.
245 291 355 323 Mente
378 295 489 324 sancta

293 336 355 369 fuit
381 341 412 369 et
435 339 574 381 humilis,

247 383 339 416 Omni
364 385 536 426 splendens

292 436 407 464 ornatu
432 434 553 472 gratiae

248 478 344 518 Virgo
367 479 433 519 pia,

284 527 371 558 unde
394 525 440 568 fit,
466 528 581 559 nobilis

245 572 393 605 Thronus
420 573 532 613 dignus

293 619 336 650 sit
359 620 443 659 regis
467 621 605 663 gloriae3

206 691 213 698 .
245 665 391 698 Thronus
418 667 572 699 eburneus

295 714 372 746 Cum
398 722 474 746 auro
499 714 622 746 fulvido

249 760 368 791 Venter
393 761 551 801 virgineus

294 808 371 840 Cum
398 809 494 840 corde
518 810 662 848 provido.

213 891 219 897 .
246 864 270 897 O
297 873 389 903 quam
415 874 537 904 puram,

296 920 386 950 quam
417 915 558 944 sanctam
582 914 688 945 decuit

245 958 384 990 Matrem
409 968 489 999 esse,

295 1014 376 1045 quae
399 1005 500 1037 Deum
528 1007 644 1046 genuit,

243 1053 344 1085 Lacte
368 1061 491 1093 quoque

293 1099 427 1131 uberum
452 1101 539 1141 aluit,

247 1146 383 1179 Strinxit
407 1147 499 1190 ulnis,

292 1194 437 1226 manibus
462 1195 580 1233 tenuit3

192 1241 213 1273 ”.
244 1240 348 1273 Tanto
373 1241 441 1281 regi

295 1287 332 1319 fit
356 1291 420 1320 tam
447 1289 629 1330 domestica,

246 1336 344 1373 Quem
370 1336 499 1368 vestivit

296 1382 434 1415 humana
457 1384 573 1414 tunica.

187 1444 217 1471 ⁵.
248 1439 334 1472 Ordo
363 1447 474 1471 recens

294 1489 439 1519 servatus
463 1487 614 1528 noscitur,

246 1533 328 1566 Dum
356 1534 461 1565 Maria

294 1581 327 1611 in
352 1581 469 1620 templo
496 1581 651 1621 conditur,

246 1627 328 1659 Nam
355 1628 572 1667 contemplans

295 1675 362 1707 Deo
383 1674 569 1715 perfruitur,

248 1722 301 1755 Sic
326 1723 365 1754 ad
392 1723 459 1754 alta

294 1778 383 1801 mens
409 1770 476 1808 ers
501 1769 644 1809 rapitur3

178 1817 214 1849 V.
252 1816 328 1850 Cum
354 1816 385 1848 in
412 1819 517 1847 mente

299 1864 388 1895 verbi
413 1864 467 1895 lux
494 1863 604 1903 oritur,

251 1910 357 1951 Digna
380 1911 471 1943 verbi

298 1962 401 1991 mater
426 1957 572 1990 efficitur.

309 2101 354 2132 In
382 2103 414 2134 2.
442 2100 689 2132 Nocturna-

397 2184 592 2221 Antiphonae.

192 2252 223 2284 1.
249 2253 340 2285 Omni
366 2253 483 2284 virtute
508 2252 656 2292 praedita

301 2299 415 2331 Totum
441 2300 481 2333 ad
506 2300 567 2331 hoc
586 2299 638 2331 dat
657 2299 805 2338 studium,

254 2345 298 2379 Ut
324 2346 392 2378 Deo
418 2349 485 2378 tota
510 2346 638 2381 subdita

299 2392 454 2426 Devotum
486 2394 538 2426 det
564 2392 757 2434 obsequium.

809 134 852 168 77
913 152 945 157 —w

868 232 898 262 2.

859 1440 884 1470 V

924 229 994 261 Rex
1018 229 1168 261 virtutum

972 277 1033 307 sibi
1057 275 1231 307 mirabilem

925 323 1061 355 Matrem
1086 321 1172 363 fecit,

971 371 1079 402 mitem
1104 372 1136 401 et
1157 369 1315 408 humilem,

928 417 1018 449 Omni
1044 426 1175 459 quoque,

974 465 1049 496 dote
1077 463 1289 503 spectabilem.

892 545 898 551 .
925 520 1125 559 Desponsata
1151 528 1204 552 cor
1230 520 1331 551 docile

973 568 1024 599 Ad
1051 568 1156 606 angeli
1180 565 1369 606 colloquium

926 614 1007 646 Mite
1031 614 1163 653 praebet.
1187 616 1218 644 et
1243 612 1369 651 humile,

972 662 1123 699 Prompta
1135 660 1270 700 spondet
1279 660 1472 699 obsequium.

1061 725 1266 760 Responsoria.

894 802 901 808 .
926 774 1094 806 Eminente

975 820 1053 852 caeli
1079 819 1246 853 dulcedine

928 867 1020 899 Stans
1045 867 1077 898 in
1103 866 1220 906 templo

972 915 1060 955 virgo
1085 913 1234 952 reficitur,

926 961 1005 1000 EJus
1029 969 1153 1000 quoque

972 1016 1059 1039 mens
1083 1006 1321 1046 pulchritudine

926 1054 1107 1086 Gratiarum

975 1101 1035 1132 Dei
1060 1100 1224 1139 perficitur

926 1148 1044 1188 Magna
1068 1156 1193 1187 semper

976 1203 1126 1226 exercens
1151 1203 1257 1234 opera.

928 1252 1022 1282 Alma
1046 1250 1133 1290 virgo
1158 1251 1352 1290 propositum

975 1298 1141 1336 Nunquam
1168 1297 1308 1328 nubendi
1332 1297 1452 1335 statuit,

927 1345 989 1377 Sed
1015 1353 1140 1383 semper
1162 1345 1222 1376 Dei
1246 1343 1396 1382 placitum

978 1393 1016 1424 In
1041 1393 1101 1424 hoc
1124 1395 1197 1423 voto
1224 1390 1408 1431 proposuit3

925 1438 1041 1470 Gratus
1065 1439 1156 1478 virga

973 1485 1093 1526 Joseph
1116 1484 1176 1517 flos
1200 1485 1323 1519 emicat..

928 1533 972 1565 Et
1001 1534 1084 1565 hunc
1108 1541 1256 1572 sponsum

976 1580 1107 1621 virginis
1131 1580 1260 1613 indicat.

897 1663 905 1670 .
930 1637 1072 1676 Nuptam
1097 1637 1143 1667 sic
1169 1645 1207 1668 ex
1231 1635 1348 1667 indicio

978 1684 1084 1716 Floris
1110 1687 1142 1714 et
1165 1683 1266 1715 sancti
1290 1681 1419 1722 spiritus

930 1732 968 1763 In
995 1731 1156 1762 columbae
1178 1731 1329 1769 mysterio

980 1778 1110 1810 Gabriel
1134 1778 1248 1809 missus
1274 1776 1405 1809 caelitus

933 1825 1056 1857 Salutat
1080 1834 1193 1865 magno
1219 1825 1345 1864 gaudio,

979 1874 1064 1912 Quae
1091 1872 1238 1913 concepit,
1264 1871 1433 1912 divinitus3

931 1920 967 1951 In
991 1923 1157 1961 parentum

980 1976 1108 1999 manens
1134 1967 1271 2006 hospitio

932 2015 1098 2046 Invenitur

983 2072 1002 2094 a
1026 2062 1086 2094 Dei
1110 2061 1230 2093 nuntio.

997 2148 1041 2179 Iu
1067 2148 1098 2179 3.
1124 2147 1351 2179 Nocturno.

1078 2203 1273 2238 Antiphonae.

879 2252 909 2284 1.
935 2251 1010 2283 Flos
1035 2252 1067 2283 in
1092 2249 1204 2282 florum
1231 2254 1372 2289 tempore

982 2299 1036 2331 Ad
1059 2299 1162 2331 locum
1187 2295 1273 2329 floris
1299 2296 1443 2335 mitmur,

935 2345 989 2377 Sic
1015 2346 1054 2378 de
1077 2343 1163 2377 floris
1190 2352 1322 2383 corpore

983 2392 1128 2425 Gloriose
1153 2391 1338 2431 concipitur.
