1652 2615
734 148 988 185 —105-

220 241 253 272 3·
281 239 389 295 semfx·
409 242 504 281 Plena
1067 263 1113 291 Ad
1137 265 1320 292 Benedictus.

327 289 433 320 divmo
457 298 596 329 munere,

277 334 416 367 Cernens
441 345 544 368 rorem
886 342 925 372 A.
958 340 1105 371 Visitavit

324 380 429 415 fusum
452 384 484 414 in
510 384 641 425 vellere,
1001 387 1102 426 plebis
1127 388 1279 419 redemtio

277 428 386 469 Ignem
411 430 523 461 rubum
957 434 1022 465 Nos
1046 434 1079 465 in
1104 435 1213 466 matris

325 479 356 507 et
380 485 443 508 non
465 477 657 520 comburere,
1001 489 1081 520 puer
1104 482 1253 521 sacrario,

277 521 368 554 Jesse
390 522 499 555 florem
954 527 999 559 Et
1021 529 1185 567 praeconis

325 571 440 601 clamat
463 569 640 602 florescere.
1002 572 1128 606 functus
1152 574 1256 607 officio

217 624 250 655 4.
277 621 450 653 Salvatoris
953 621 1015 652 Est
1037 622 1194 661 propheta

323 671 491 708 conceptus
517 669 678 708 panditur,
1000 676 1079 706 puer
1101 669 1134 699 in
1155 669 1284 708 gremio.

273 716 369 747 Alma
393 716 482 756 virgo

322 763 430 794 divina
453 763 610 805 proditur,

273 810 458 849 Benedicta,
1011 818 1055 849 In
1083 818 1114 852 2.
1142 819 1360 857 vesperis.

320 857 496 896 praedigna
522 856 647 896 dicitur,

274 905 312 936 In
339 913 400 943 qua
422 904 507 935 vitae
1064 908 1109 936 Ad
1128 910 1306 946 Magnificat.

321 950 443 982 fructus
469 951 619 983 exoritur.

217 1006 246 1036 5.
274 1003 370 1042 Virgo
395 1002 497 1034 Deum
880 986 921 1016 A·
950 985 1069 1023 Magna
1091 986 1181 1025 virgo

324 1050 449 1080 extollit
472 1049 616 1088 protinus
998 1039 1122 1063 sumens
1147 1033 1317 1071 PffissCOIn'ss

272 1097 318 1128 Et
342 1097 480 1127 exsultat
951 1077 1000 1108 De
1024 1078 1130 1130 seipsa
1193 1125 1223 1131 ..

319 1144 352 1174 in
378 1152 415 1174 ea
439 1143 581 1182 spiritus,
996 1126 1092 1154 SOsstlt
1115 1125 1254 1165 humlha,

268 1191 357 1229 Quod
382 1190 525 1229 respexit
948 1170 984 1201 In
1011 1171 1151 1202 datorem

317 1237 464 1268 ancillam
488 1236 642 1268 Dominus
995 1216 1138 1250 refundit
1165 1219 1269 1249 omnia

269 1284 354 1315 Altis
379 1283 489 1315 mundi
948 1264 1056 1302 Ipsum
1085 1264 1218 1296 laudans

315 1331 415 1370 pulsis
443 1329 604 1362 divitibus.
993 1311 1107 1350 psfflmi
1132 1312 1263 1344 laetitia.

274 1397 359 1423 Biev.
379 1403 431 1422 ms.
452 1394 729 1422 Vallumbrosanum
750 1395 819 1421 anni
842 1391 923 1420 1476.
958 1393 1026 1420 Cod.
1048 1394 1188 1422 Oxom'en.
1208 1394 1332 1422 Miscell.
1349 1395 1415 1421 Lat.
1434 1392 1497 1422 168.

198 1435 231 1461 A.
263 1448 299 1453 —
329 1433 414 1460 Brev.
444 1432 640 1459 Monasticum
669 1440 743 1459 saec.
771 1430 814 1458 15.
863 1431 932 1459 Cod.
962 1431 1121 1458 Flcrentin.
1155 1432 1348 1468 Magliabeoe.
1384 1430 1425 1459 Cl.
1451 1430 1496 1459 36.

199 1471 270 1499 cod.
292 1470 317 1499 6.
338 1471 372 1498 B.
392 1484 430 1489 ——
448 1470 533 1497 Brev.
554 1478 605 1496 ms.
628 1468 814 1496 Olivetanum
834 1477 908 1496 iaec.
931 1467 974 1496 15.
1010 1468 1078 1495 Cod.
1097 1470 1202 1497 Senon.
1224 1470 1248 1497 F
1266 1470 1339 1496 VHI
1361 1469 1387 1495 7.
1410 1469 1440 1496 C.
1460 1485 1498 1488 —

199 1510 282 1537 BreV.
308 1517 361 1535 ms.
388 1508 575 1535 Olivetanum
599 1514 673 1534 saec.
702 1505 745 1534 15.
788 1506 855 1534 Cod.
885 1506 977 1542 Capit.
1004 1506 1198 1535 Mediolanen.
1229 1505 1255 1534 9.
1283 1507 1318 1534 D.
1347 1522 1384 1526 —
1411 1508 1496 1535 Brev.

198 1556 242 1574 ms
272 1546 458 1574 Olivetanum
484 1553 559 1572 saec.
582 1543 625 1571 15.
667 1544 734 1572 Cod.
759 1545 874 1572 Musaei
893 1544 1018 1572 Januen.
1046 1552 1068 1570 s.
1089 1553 1118 1572 n.
1138 1546 1174 1573 E.
1193 1561 1232 1565 --
1251 1546 1335 1572 Brev.
1358 1543 1496 1572 Coelesti-

196 1594 300 1612 norum
326 1585 395 1620 imp.
415 1582 542 1618 Neapoli
568 1579 649 1609 1488.
675 1583 706 1610 F.
734 1597 769 1601 —
796 1583 881 1609 Brev.
913 1582 1132 1610 Olivetanorum
1159 1585 1227 1619 imp.
1253 1583 1385 1610 Venetiis
1414 1581 1495 1610 1493.

197 1623 230 1651 G.
253 1637 287 1641 —
308 1622 392 1649 Brev.
414 1620 635 1648 olivetanorum
654 1622 723 1656 imp.
744 1620 910 1647 Florentiae
931 1617 1012 1647 1521.
1037 1619 1074 1647 I-I.

272 1660 315 1687 In
334 1657 359 1687 3.
380 1659 481 1686 Noct.
512 1657 557 1685 Ad
584 1656 666 1685 Cant.
687 1657 723 1691 Α,
744 1656 759 1684 1
784 1666 846 1693 sqq.
871 1658 1010 1684 Visitatio
1031 1660 1096 1692 tua,
1118 1659 1175 1685 Dei
1192 1659 1334 1693 genitrix,
1354 1658 1494 1693 gaudium

196 1698 384 1725 annuntiavit
409 1698 462 1723 etc.
488 1694 647 1731 prosaisch.
672 1696 704 1723 F.
726 1709 762 1714 —
785 1694 804 1720 R
826 1693 843 1721 2
867 1695 927 1721 und
947 1692 964 1722 3
992 1695 1146 1722 entlehnen
1166 1695 1213 1722 die
1234 1695 1414 1723 Coelestiner
1433 1696 1493 1722 und

197 1736 365 1763 Olivetaner
380 1734 518 1761 Breviere
538 1741 590 1759 aus
614 1732 678 1760 dem
692 1732 825 1760 Officium
839 1732 932 1759 Adam
950 1732 1084 1766 Eastons,
1109 1731 1128 1758 R
1143 1731 1163 1759 4
1182 1734 1222 1759 ist
1241 1734 1270 1759 in
1293 1733 1386 1760 allen:
1409 1734 1494 1760 Felix

196 1781 323 1809 namque
348 1780 378 1799 es
399 1779 484 1798 sacra
502 1771 585 1806 virgo
607 1772 660 1798 etc.
699 1771 767 1797 VVie
789 1770 884 1797 dieses
904 1771 944 1797 ist
963 1770 1038 1796 auch
1057 1770 1109 1797 das
1133 1768 1152 1795 R
1175 1769 1311 1798 Continet
1332 1771 1363 1797 in
1382 1773 1491 1806 gremio

197 1811 263 1838 dem
283 1810 443 1837 Commune
468 1808 518 1835 des
545 1808 623 1834 alten
645 1808 809 1835 romisehen
829 1808 963 1835 Breviers
985 1807 1124 1835 entlehnt.
1146 1822 1182 1826 —
1203 1805 1223 1833 R
1245 1806 1275 1841 2,
1297 1806 1314 1836 3
1334 1809 1391 1835 Dei
1411 1810 1491 1844 geni—

196 1850 255 1876 trix
273 1848 346 1876 fehlt
363 1846 397 1874 A.
420 1862 458 1866 —
480 1844 500 1872 R
524 1843 550 1878 2,
572 1843 592 1873 4
611 1847 786 1873 comitantur
801 1845 940 1873 humilem
960 1846 993 1872 A.
1014 1859 1050 1863 —
1067 1843 1086 1870 R
1107 1843 1133 1879 3,
1155 1843 1172 1873 3
1194 1845 1276 1878 Quae
1296 1855 1350 1873 nec
1369 1848 1492 1882 primam

196 1887 230 1914 A.
252 1901 287 1905 —
304 1884 324 1912 R
346 1883 372 1918 3,
393 1883 413 1912 4
430 1886 497 1912 visa
519 1886 564 1911 est
582 1883 616 1910 A.
635 1899 668 1904 —
684 1882 703 1910 R
726 1881 751 1917 3,
773 1882 790 1911 6
810 1884 922 1919 placuit
941 1885 1023 1918 virgo
1046 1882 1160 1911 Christo
1181 1883 1214 1910 A.
1229 1898 1265 1902 —
1282 1882 1301 1910 R
1323 1881 1349 1917 3,
1371 1883 1387 1911 9
1407 1884 1496 1911 rediit

196 1926 230 1952 A.
251 1939 288 1943 —
310 1921 330 1949 R
351 1920 377 1959 3,
401 1921 436 1950 10
454 1922 528 1950 fehlt
545 1922 581 1949 A.

620 2042 665 2074 33.
696 2043 739 2074 De
759 2041 950 2074 Visitatione
969 2042 1056 2073 BMV.

331 2126 377 2157 In
404 2125 434 2158 1,
462 2125 484 2156 v
500 2123 678 2164 esperis,
945 2112 1040 2144 Prole
1065 2114 1222 2152 gaudeant
1246 2113 1350 2154 beata,

945 2160 1077 2191 Novitas
1102 2162 1287 2193 annuntiata

405 2217 600 2253 Antiphonae.
991 2207 1189 2240 vetustatem
1214 2208 1372 2240 terminat.

887 2265 918 2296 2.
946 2263 1067 2303 Gaude,
1093 2268 1186 2304 pater
1211 2264 1374 2303 Zacharia,

207 2305 238 2337 1.
265 2303 344 2336 Levi
368 2303 471 2336 tribus
496 2302 660 2345 glorietur,
990 2311 1098 2344 Mutus
1125 2311 1314 2353 diffidentia,

264 2351 374 2382 Aaron
399 2351 496 2390 stirps
519 2350 723 2391 conlaetetur,
945 2358 1100 2391 Visimvit
1122 2362 1155 2390 te
1179 2358 1284 2390 Maria

310 2397 417 2429 Radix
441 2397 532 2429 Jesse
556 2398 721 2438 germinat,
992 2405 1068 2436 Filii
1093 2406 1282 2446 praesentia.
