1652 2615
629 111 856 147 -72--

115 217 146 249 2.
170 217 248 255 Ave,
275 214 366 246 stella
390 212 552 252 matutina,

170 263 335 295 Cohortem
359 259 468 299 fugans
491 258 636 298 hostium,

171 310 218 340 Tu
241 307 298 339 flos
324 315 432 338 carens
458 305 567 344 culpae
591 303 690 341 spina,

171 356 219 387 Tu
243 353 399 393 singulare
422 351 529 391 lilium,

123 404 144 435 “,
171 402 219 433 Tu
242 401 332 440 prole
357 400 473 436 dotata,

171 447 318 486 Domina,
342 453 398 476 nos
423 443 520 481 salva,

170 494 247 533 Spes
271 491 421 523 fidolium.

140 575 145 581 .
174 549 275 584 Salve,
302 547 450 578 virtutum
474 544 581 583 regula

173 596 218 627 Et
242 593 342 625 forma
365 593 483 632 gloriae
506 589 677 629 virginalis.

174 641 288 678 Maria,
313 640 375 671 Dei
399 637 521 678 cellula,

176 688 223 719 Tu
248 689 353 718 nostra
377 685 461 724 pelle
484 683 625 722 pericula

175 735 219 766 Et
241 734 342 765 libera
366 732 480 763 nostris
502 740 521 761 a
544 729 643 761 malis.

138 807 144 814 .
175 781 259 812 Sana
283 780 404 811 animae
426 777 558 809 vulnera

176 827 304 859 Medeia
328 824 502 864 salutifera,

178 874 273 913 Virgo
297 873 364 904 sola
387 878 552 911 puerpera.

239 994 283 1025 In
310 995 340 1026 2.
366 992 594 1023 Nocturno.

327 1064 518 1101 Antiphonae.

149 1151 155 1157 .
182 1124 229 1155 Tu
253 1124 382 1154 thronus
404 1120 574 1153 divinitatis

180 1169 397 1208 Dignissimus,

183 1216 250 1248 Nos
269 1215 372 1254 juvari
396 1224 417 1246 a
439 1213 577 1253 peccatis

181 1262 226 1293 Et
248 1261 364 1293 salvari
388 1261 531 1300 petimus.

152 1345 158 1350 .
185 1318 233 1348 Tu
256 1316 415 1356 speculum
440 1315 610 1346 munditiae

185 1364 350 1402 Nunquam
375 1361 497 1393 fuscata
517 1361 647 1399 macula,

186 1410 270 1441 Aula
293 1409 368 1440 solis
390 1408 531 1447 justitiae

183 1457 365 1488 vinctorum
391 1455 477 1486 solve
500 1456 633 1486 vincula.

154 1538 160 1544 .
188 1512 235 1543 Tu
259 1510 315 1542 flos
342 1513 519 1541 cunctarum
545 1510 708 1550 virginum,

189 1558 298 1590 Gloria
321 1557 494 1597 mulierum,

187 1604 369 1636 Sanctorum
389 1603 483 1642 jubar
507 1603 672 1642 agminum,

186 1652 232 1682 Te
255 1651 435 1682 laudantem
458 1650 547 1681 salva
571 1649 697 1681 clerum.

326 1724 402 1758 Resp
406 1724 529 1750 onsoria.

155 1806 162 1813 .
188 1781 213 1813 O
239 1781 353 1821 Maria,
378 1780 496 1811 vultum
517 1782 604 1811 tuum

191 1828 331 1859 Clemens
353 1826 579 1862 suavissimum,

187 1873 363 1905 Dulcedine
386 1872 546 1912 irriguum,

189 1920 268 1959 Regi
292 1928 398 1959 regum
422 1919 640 1958 gratissimum,

191 1966 243 1998 Ad
267 1975 324 1997 nos
349 1970 503 2002 converte,
528 1968 628 1996 mater
652 1964 716 2004 pia,

192 2012 309 2044 Cuncta
333 2011 406 2050 fuga
430 2011 531 2044 noxia.

153 2085 160 2091 .
192 2059 318 2091 Vultum
368 2057 532 2097 benignum
573 2060 605 2088 et
642 2066 733 2096 prae-

512 2105 639 2143 clarum,

191 2152 320 2186 Vultum
344 2151 470 2190 plenum
494 2151 675 2191 gratiarum.

161 2236 167 2241 .
193 2207 219 2240 O
249 2208 397 2247 templum
422 2209 548 2238 sanctae
572 2207 733 2248 trinitatis,

191 2255 294 2286 Maria
317 2255 404 2293 virgo
429 2254 667 2293 sanctissimum,

193 2302 241 2333 Tu
265 2302 296 2333 in
321 2310 416 2341 regno
442 2300 594 2332 claritatis

192 2349 309 2381 Locum
332 2351 442 2380 tenens
466 2347 682 2390 clarissimum,

769 298 806 329 V.

783 401 813 432 3.

838 206 901 237 Fer
925 206 1068 238 solamen
1092 204 1241 237 desolatis

838 252 883 283 Et
901 253 1051 291 juvamen
1077 252 1260 292 piissimum,

836 299 959 331 Memor
981 303 1046 330 esto
1072 303 1205 337 tuorum,

838 344 984 383 Domina,
1011 353 1182 376 servorum.

840 400 955 439 Maria,
980 398 1039 430 flos
1063 398 1278 437 benignitatis,

841 446 888 477 Te
913 447 1098 476 venerantes
1122 443 1270 483 petimus,

842 491 887 523 Ut
921 501 994 532 nos,
1029 491 1079 529 qui
1112 490 1145 520 in
1178 489 1284 520 multis
1318 495 1390 526 pec-

1168 535 1245 567 catis

843 584 1040 616 Salvatorem
1065 582 1260 620 offendimus,

844 631 928 663 Fons
952 639 1090 662 summae
1107 631 1238 661 mundet
1254 628 1392 669 pietatis⁷

845 678 879 717 Ο,
906 687 962 710 rex
987 678 1089 709 salvet
1113 686 1169 709 nos
1194 677 1348 716 optimus:

844 726 902 764 Qui
928 725 986 756 tibi
1010 725 1055 756 nil
1078 727 1172 763 negat
1196 723 1289 761 filius,

844 771 920 813 Fac,
946 774 982 803 ut
1005 771 1094 803 nobis
1118 771 1161 802 sit
1184 771 1353 810 propitius,

894 933 940 964 In
966 932 996 964 3.
1024 930 1254 962 Nocturno.

997 1024 1181 1060 Antiphonae
1185 1044 1190 1049 .

817 1115 824 1122 .
850 1090 975 1122 Christo
999 1093 1073 1122 nato
1101 1090 1301 1121 decantemus

850 1137 1054 1176 Redemptori
1072 1136 1241 1175 jubilemus

849 1183 894 1215 Et
917 1184 1051 1215 Mariam
1082 1183 1302 1215 collaudemus.

819 1263 825 1269 .
852 1236 928 1275 Fac,
953 1238 1055 1270 Maria
1078 1239 1229 1278 piissima,

852 1285 898 1317 Ut
922 1285 1051 1324 spiritus
1076 1286 1178 1317 sancti
1201 1286 1307 1317 unctio

853 1331 971 1363 Nostra
994 1331 1140 1370 purificet
1162 1331 1274 1363 intima

852 1378 902 1410 Ab
928 1379 1072 1410 universo
1097 1379 1184 1410 vitio.

820 1457 826 1463 .
853 1434 920 1466 Deo
945 1435 1028 1473 patri
1052 1434 1191 1473 psallant
1213 1435 1326 1471 omnia,

856 1480 950 1520 Cujus
973 1478 1030 1512 filii
1055 1481 1235 1519 praesentia

853 1527 939 1559 Mira
960 1536 1016 1558 nos
1040 1528 1142 1559 salvet
1167 1528 1342 1560 clementia.

991 1620 1194 1655 Responsoria.

823 1712 830 1718 .
858 1686 881 1718 O
903 1695 994 1726 quam
1019 1684 1096 1718 felix
1122 1689 1153 1716 et
1177 1686 1278 1728 beata,

858 1732 943 1771 Quae
966 1733 998 1763 in
1024 1733 1101 1764 caeli
1126 1733 1243 1772 palatio

858 1780 959 1819 Super
984 1780 1111 1819 angelos
1136 1780 1276 1811 exaltata

855 1826 980 1866 Regnas
1006 1834 1074 1858 cum
1099 1829 1152 1857 tuo
1176 1825 1252 1868 filio,

858 1872 918 1905 Dei
943 1871 1024 1904 facie
1045 1876 1213 1912 peroptata

860 1919 975 1952 Potiris
1001 1922 1034 1949 et
1057 1920 1206 1960 alloquio,

856 1965 1011 2005 Obsequio
1036 1966 1176 2005 angelico

858 2012 1002 2044 Laetaris
1029 2015 1058 2043 et
1083 2013 1187 2045 laudis
1214 2015 1345 2047 cantico.

859 2068 937 2110 Ave,
963 2067 1068 2100 Maria
1092 2068 1227 2101 lucidior

860 2115 966 2147 Stellis
994 2118 1025 2145 et
1048 2115 1116 2146 sole
1140 2116 1350 2157 splendidior,

860 2161 910 2193 Tu
933 2165 1057 2193 sanctos
1083 2163 1183 2201 gloria
1205 2165 1382 2209 praecellis,

860 2209 991 2248 Angelis
1018 2208 1156 2248 excellis,

864 2255 912 2287 Tu
938 2258 1065 2288 cunctas
1090 2255 1236 2288 haereses
1260 2260 1399 2299 repellis.

859 2302 936 2335 Post
960 2302 1116 2334 Christum
1145 2303 1277 2347 dignior,

860 2349 1042 2390 Virginibus
1067 2347 1242 2395 fecundior,

1628 922 1640 1018 -——.
1628 859 1631 898 —
1623 739 1635 853 -ἓ
1623 609 1637 715 τῇ
1618 540 1634 603 ⁴·—

1627 1156 1642 1291 „—*
