<?xml version="1.0" encoding="UTF-8"?>
<!DOCTYPE html PUBLIC "-//W3C//DTD XHTML 1.0 Transitional//EN"
    "http://www.w3.org/TR/xhtml1/DTD/xhtml1-transitional.dtd">
<html xmlns="http://www.w3.org/1999/xhtml" xml:lang="en" lang="en">
 <head>
  <title>
</title>
<meta http-equiv="Content-Type" content="text/html;charset=utf-8" />
  <meta name='ocr-system' content='tesseract 3.04.00' />
  <meta name='ocr-capabilities' content='ocr_page ocr_carea ocr_par ocr_line ocrx_word'/>
</head>
<body>
  <div class='ocr_page' id='page_1' title='image "./analectahymnica24drevuoft_00128.png"; bbox 0 0 1652 2615; ppageno 0'>
   <div class='ocr_carea' id='block_1_1' title="bbox 703 143 957 178">
    <p class='ocr_par' dir='ltr' id='par_1_1' title="bbox 703 143 957 178">
     <span class='ocr_line' id='line_1_1' title="bbox 703 143 957 178; baseline 0.004 -1"><span class='ocrx_word' id='word_1_1' title='bbox 703 143 957 178; x_wconf 76' lang='lat'>—125—</span> 
     </span>
    </p>
   </div>
   <div class='ocr_carea' id='block_1_2' title="bbox 217 234 711 318">
    <p class='ocr_par' dir='ltr' id='par_1_2' title="bbox 217 234 711 318">
     <span class='ocr_line' id='line_1_2' title="bbox 217 234 638 277; baseline 0.012 -13"><span class='ocrx_word' id='word_1_2' title='bbox 217 258 223 264; x_wconf 93' lang='lat'>.</span> <span class='ocrx_word' id='word_1_3' title='bbox 255 234 345 266; x_wconf 87' lang='lat' dir='ltr'>Oculi</span> <span class='ocrx_word' id='word_1_4' title='bbox 372 234 490 267; x_wconf 81' lang='lat' dir='ltr'>deflent</span> <span class='ocrx_word' id='word_1_5' title='bbox 507 237 638 277; x_wconf 82' lang='lat' dir='ltr'>virginis</span> 
     </span>
     <span class='ocr_line' id='line_1_3' title="bbox 256 281 711 318; baseline 0.013 -7"><span class='ocrx_word' id='word_1_6' title='bbox 256 281 395 313; x_wconf 86' lang='lat' dir='ltr'>Mortem</span> <span class='ocrx_word' id='word_1_7' title='bbox 420 282 482 313; x_wconf 88' lang='lat' dir='ltr'>Dei</span> <span class='ocrx_word' id='word_1_8' title='bbox 512 286 544 314; x_wconf 89' lang='lat' dir='ltr'>et</span> <span class='ocrx_word' id='word_1_9' title='bbox 567 285 711 318; x_wconf 85' lang='lat' dir='ltr'>hominis.</span> 
     </span>
    </p>
   </div>
   <div class='ocr_carea' id='block_1_3' title="bbox 226 355 769 632">
    <p class='ocr_par' dir='ltr' id='par_1_3' title="bbox 226 355 752 438">
     <span class='ocr_line' id='line_1_4' title="bbox 226 355 681 390; baseline 0.011 -5"><span class='ocrx_word' id='word_1_10' title='bbox 226 379 231 385; x_wconf 95' lang='lat'>.</span> <span class='ocrx_word' id='word_1_11' title='bbox 260 355 373 387; x_wconf 88' lang='lat' dir='ltr'>Cordis</span> <span class='ocrx_word' id='word_1_12' title='bbox 398 357 519 390; x_wconf 76' lang='lat' dir='ltr'>indicat</span> <span class='ocrx_word' id='word_1_13' title='bbox 544 367 681 390; x_wconf 88' lang='lat' dir='ltr'>amorem</span> 
     </span>
     <span class='ocr_line' id='line_1_5' title="bbox 304 403 752 438; baseline 0.011 -5"><span class='ocrx_word' id='word_1_14' title='bbox 304 403 410 434; x_wconf 83' lang='lat' dir='ltr'>Mater</span> <span class='ocrx_word' id='word_1_15' title='bbox 435 412 545 436; x_wconf 87' lang='lat' dir='ltr'>carens</span> <span class='ocrx_word' id='word_1_16' title='bbox 570 407 653 437; x_wconf 89' lang='lat' dir='ltr'>omni</span> <span class='ocrx_word' id='word_1_17' title='bbox 680 407 752 438; x_wconf 86' lang='lat' dir='ltr'>dolo</span> 
     </span>
    </p>

    <p class='ocr_par' dir='ltr' id='par_1_4' title="bbox 256 449 769 540">
     <span class='ocr_line' id='line_1_6' title="bbox 256 449 769 493; baseline 0.01 -13"><span class='ocrx_word' id='word_1_18' title='bbox 256 449 479 490; x_wconf 84' lang='lat' dir='ltr'>Intensumque</span> <span class='ocrx_word' id='word_1_19' title='bbox 501 450 564 483; x_wconf 86' lang='lat' dir='ltr'>fert</span> <span class='ocrx_word' id='word_1_20' title='bbox 587 453 769 493; x_wconf 83' lang='lat' dir='ltr'>languorem</span> 
     </span>
     <span class='ocr_line' id='line_1_7' title="bbox 305 497 727 540; baseline 0.009 -12"><span class='ocrx_word' id='word_1_21' title='bbox 305 497 366 529; x_wconf 91' lang='lat' dir='ltr'>Pro</span> <span class='ocrx_word' id='word_1_22' title='bbox 390 498 516 537; x_wconf 76' lang='lat' dir='ltr'>Jaceute</span> <span class='ocrx_word' id='word_1_23' title='bbox 540 500 573 530; x_wconf 87' lang='lat' dir='ltr'>in</span> <span class='ocrx_word' id='word_1_24' title='bbox 598 500 727 540; x_wconf 84' lang='lat' dir='ltr'>tumulo,</span> 
     </span>
    </p>

    <p class='ocr_par' dir='ltr' id='par_1_5' title="bbox 257 544 761 632">
     <span class='ocr_line' id='line_1_8' title="bbox 257 544 761 579; baseline 0.008 -4"><span class='ocrx_word' id='word_1_25' title='bbox 257 544 368 576; x_wconf 85' lang='lat' dir='ltr'>Plures</span> <span class='ocrx_word' id='word_1_26' title='bbox 393 550 499 578; x_wconf 92' lang='lat' dir='ltr'>movet</span> <span class='ocrx_word' id='word_1_27' title='bbox 523 547 563 577; x_wconf 84' lang='lat' dir='ltr'>ad</span> <span class='ocrx_word' id='word_1_28' title='bbox 588 556 761 579; x_wconf 86' lang='lat' dir='ltr'>maerorem</span> 
     </span>
     <span class='ocr_line' id='line_1_9' title="bbox 303 590 670 632; baseline 0.011 -11"><span class='ocrx_word' id='word_1_29' title='bbox 303 590 365 622; x_wconf 87' lang='lat' dir='ltr'>Suo</span> <span class='ocrx_word' id='word_1_30' title='bbox 389 592 478 623; x_wconf 88' lang='lat' dir='ltr'>luctu</span> <span class='ocrx_word' id='word_1_31' title='bbox 502 594 670 632; x_wconf 82' lang='lat' dir='ltr'>quaeru103</span> 
     </span>
    </p>
   </div>
   <div class='ocr_carea' id='block_1_4' title="bbox 217 637 696 671">
    <p class='ocr_par' dir='ltr' id='par_1_6' title="bbox 217 637 696 671">
     <span class='ocr_line' id='line_1_10' title="bbox 217 637 696 671; baseline 0.006 -3"><span class='ocrx_word' id='word_1_32' title='bbox 217 661 224 668; x_wconf 95' lang='lat'>.</span> <span class='ocrx_word' id='word_1_33' title='bbox 255 637 312 670; x_wconf 89' lang='lat' dir='ltr'>Vis</span> <span class='ocrx_word' id='word_1_34' title='bbox 339 638 457 669; x_wconf 85' lang='lat' dir='ltr'>doloris</span> <span class='ocrx_word' id='word_1_35' title='bbox 485 639 570 671; x_wconf 87' lang='lat' dir='ltr'>intus</span> <span class='ocrx_word' id='word_1_36' title='bbox 594 641 696 671; x_wconf 87' lang='lat' dir='ltr'>latens</span> 
     </span>
    </p>
   </div>
   <div class='ocr_carea' id='block_1_5' title="bbox 256 684 791 773">
    <p class='ocr_par' dir='ltr' id='par_1_7' title="bbox 256 684 791 773">
     <span class='ocr_line' id='line_1_11' title="bbox 256 684 791 718; baseline 0.006 -3"><span class='ocrx_word' id='word_1_37' title='bbox 256 684 372 716; x_wconf 82' lang='lat' dir='ltr'>Vocem</span> <span class='ocrx_word' id='word_1_38' title='bbox 398 694 524 717; x_wconf 77' lang='lat' dir='ltr'>raucam</span> <span class='ocrx_word' id='word_1_39' title='bbox 551 689 641 718; x_wconf 83' lang='lat' dir='ltr'>extra</span> <span class='ocrx_word' id='word_1_40' title='bbox 664 687 791 718; x_wconf 83' lang='lat' dir='ltr'>mittens</span> 
     </span>
     <span class='ocr_line' id='line_1_12' title="bbox 302 731 728 773; baseline 0.009 -11"><span class='ocrx_word' id='word_1_41' title='bbox 302 731 420 763; x_wconf 85' lang='lat' dir='ltr'>Luctus</span> <span class='ocrx_word' id='word_1_42' title='bbox 445 733 560 771; x_wconf 78' lang='lat' dir='ltr'>pandit</span> <span class='ocrx_word' id='word_1_43' title='bbox 582 734 728 773; x_wconf 80' lang='lat' dir='ltr'>rigorem.</span> 
     </span>
    </p>
   </div>
   <div class='ocr_carea' id='block_1_6' title="bbox 349 900 649 936">
    <p class='ocr_par' dir='ltr' id='par_1_8' title="bbox 349 900 649 936">
     <span class='ocr_line' id='line_1_13' title="bbox 349 900 649 936; baseline 0.01 -4"><span class='ocrx_word' id='word_1_44' title='bbox 349 900 394 932; x_wconf 89' lang='lat' dir='ltr'>In</span> <span class='ocrx_word' id='word_1_45' title='bbox 419 902 649 936; x_wconf 82' lang='lat' dir='ltr'>Laudibus,</span> 
     </span>
    </p>
   </div>
   <div class='ocr_carea' id='block_1_7' title="bbox 400 975 595 1010">
    <p class='ocr_par' dir='ltr' id='par_1_9' title="bbox 400 975 595 1010">
     <span class='ocr_line' id='line_1_14' title="bbox 400 975 595 1010; baseline 0.005 -8"><span class='ocrx_word' id='word_1_46' title='bbox 400 975 595 1010; x_wconf 75' lang='lat' dir='ltr'>Antiphouae.</span> 
     </span>
    </p>
   </div>
   <div class='ocr_carea' id='block_1_8' title="bbox 221 1041 701 1311">
    <p class='ocr_par' dir='ltr' id='par_1_10' title="bbox 221 1041 685 1083">
     <span class='ocr_line' id='line_1_15' title="bbox 221 1041 685 1083; baseline 0.006 -11"><span class='ocrx_word' id='word_1_47' title='bbox 221 1066 228 1073; x_wconf 95' lang='lat'>.</span> <span class='ocrx_word' id='word_1_48' title='bbox 256 1041 440 1073; x_wconf 86' lang='lat' dir='ltr'>Perennalis</span> <span class='ocrx_word' id='word_1_49' title='bbox 464 1047 566 1074; x_wconf 88' lang='lat' dir='ltr'>mater</span> <span class='ocrx_word' id='word_1_50' title='bbox 591 1044 685 1083; x_wconf 84' lang='lat' dir='ltr'>vitae,</span> 
     </span>
    </p>

    <p class='ocr_par' dir='ltr' id='par_1_11' title="bbox 255 1088 701 1178">
     <span class='ocr_line' id='line_1_16' title="bbox 255 1088 701 1129; baseline 0.007 -10"><span class='ocrx_word' id='word_1_51' title='bbox 255 1088 374 1120; x_wconf 84' lang='lat' dir='ltr'>Videns</span> <span class='ocrx_word' id='word_1_52' title='bbox 397 1089 495 1129; x_wconf 83' lang='lat' dir='ltr'>pungi</span> <span class='ocrx_word' id='word_1_53' title='bbox 518 1090 601 1121; x_wconf 85' lang='lat' dir='ltr'>latus</span> <span class='ocrx_word' id='word_1_54' title='bbox 625 1091 701 1122; x_wconf 88' lang='lat' dir='ltr'>mite</span> 
     </span>
     <span class='ocr_line' id='line_1_17' title="bbox 302 1135 577 1178; baseline 0.007 -12"><span class='ocrx_word' id='word_1_55' title='bbox 302 1135 438 1167; x_wconf 82' lang='lat' dir='ltr'>Militari</span> <span class='ocrx_word' id='word_1_56' title='bbox 458 1136 577 1178; x_wconf 87' lang='lat' dir='ltr'>lancea,</span> 
     </span>
    </p>

    <p class='ocr_par' dir='ltr' id='par_1_12' title="bbox 254 1181 616 1214">
     <span class='ocr_line' id='line_1_18' title="bbox 254 1181 616 1214; baseline 0.003 -1"><span class='ocrx_word' id='word_1_57' title='bbox 254 1181 400 1213; x_wconf 88' lang='lat' dir='ltr'>Maluisti</span> <span class='ocrx_word' id='word_1_58' title='bbox 424 1183 471 1213; x_wconf 87' lang='lat' dir='ltr'>sic</span> <span class='ocrx_word' id='word_1_59' title='bbox 493 1183 616 1214; x_wconf 89' lang='lat' dir='ltr'>turbari</span> 
     </span>
    </p>

    <p class='ocr_par' dir='ltr' id='par_1_13' title="bbox 255 1229 679 1311">
     <span class='ocr_line' id='line_1_19' title="bbox 255 1229 674 1262; baseline 0 -1"><span class='ocrx_word' id='word_1_60' title='bbox 255 1229 301 1261; x_wconf 86' lang='lat' dir='ltr'>Et</span> <span class='ocrx_word' id='word_1_61' title='bbox 325 1237 379 1260; x_wconf 88' lang='lat' dir='ltr'>eor</span> <span class='ocrx_word' id='word_1_62' title='bbox 403 1231 490 1261; x_wconf 85' lang='lat' dir='ltr'>tuum</span> <span class='ocrx_word' id='word_1_63' title='bbox 516 1230 674 1262; x_wconf 86' lang='lat' dir='ltr'>vulnerari</span> 
     </span>
     <span class='ocr_line' id='line_1_20' title="bbox 304 1275 679 1311; baseline 0.005 -3"><span class='ocrx_word' id='word_1_64' title='bbox 304 1275 379 1308; x_wconf 87' lang='lat' dir='ltr'>Cum</span> <span class='ocrx_word' id='word_1_65' title='bbox 405 1276 524 1308; x_wconf 88' lang='lat' dir='ltr'>doloris</span> <span class='ocrx_word' id='word_1_66' title='bbox 550 1275 679 1311; x_wconf 82' lang='lat' dir='ltr'>framea.</span> 
     </span>
    </p>
   </div>
   <div class='ocr_carea' id='block_1_9' title="bbox 220 1350 782 1532">
    <p class='ocr_par' dir='ltr' id='par_1_14' title="bbox 220 1350 596 1392">
     <span class='ocr_line' id='line_1_21' title="bbox 220 1350 596 1392; baseline 0.003 -10"><span class='ocrx_word' id='word_1_67' title='bbox 220 1375 227 1382; x_wconf 92' lang='lat'>.</span> <span class='ocrx_word' id='word_1_68' title='bbox 255 1350 383 1390; x_wconf 85' lang='lat' dir='ltr'>Squalet</span> <span class='ocrx_word' id='word_1_69' title='bbox 407 1350 466 1383; x_wconf 90' lang='lat' dir='ltr'>filii</span> <span class='ocrx_word' id='word_1_70' title='bbox 488 1350 596 1392; x_wconf 83' lang='lat' dir='ltr'>facies,</span> 
     </span>
    </p>

    <p class='ocr_par' dir='ltr' id='par_1_15' title="bbox 254 1398 782 1485">
     <span class='ocr_line' id='line_1_22' title="bbox 302 1398 782 1442; baseline 0.006 -13"><span class='ocrx_word' id='word_1_71' title='bbox 302 1398 388 1437; x_wconf 78' lang='lat' dir='ltr'>Quae</span> <span class='ocrx_word' id='word_1_72' title='bbox 413 1401 462 1430; x_wconf 86' lang='lat' dir='ltr'>est</span> <span class='ocrx_word' id='word_1_73' title='bbox 485 1399 586 1438; x_wconf 82' lang='lat' dir='ltr'>sputis</span> <span class='ocrx_word' id='word_1_74' title='bbox 610 1400 782 1442; x_wconf 80' lang='lat' dir='ltr'>inquinata,</span> 
     </span>
     <span class='ocr_line' id='line_1_23' title="bbox 254 1444 616 1485; baseline 0.003 -9"><span class='ocrx_word' id='word_1_75' title='bbox 254 1444 333 1484; x_wconf 68' lang='lat' dir='ltr'>EJus</span> <span class='ocrx_word' id='word_1_76' title='bbox 358 1445 468 1477; x_wconf 86' lang='lat' dir='ltr'>matris</span> <span class='ocrx_word' id='word_1_77' title='bbox 494 1447 616 1485; x_wconf 85' lang='lat' dir='ltr'>species</span> 
     </span>
    </p>

    <p class='ocr_par' dir='ltr' id='par_1_16' title="bbox 304 1493 748 1532">
     <span class='ocr_line' id='line_1_24' title="bbox 304 1493 748 1532; baseline 0.007 -9"><span class='ocrx_word' id='word_1_78' title='bbox 304 1493 342 1524; x_wconf 90' lang='lat' dir='ltr'>In</span> <span class='ocrx_word' id='word_1_79' title='bbox 367 1493 521 1532; x_wconf 81' lang='lat' dir='ltr'>pallorem</span> <span class='ocrx_word' id='word_1_80' title='bbox 547 1497 595 1524; x_wconf 87' lang='lat' dir='ltr'>est</span> <span class='ocrx_word' id='word_1_81' title='bbox 618 1496 748 1527; x_wconf 85' lang='lat' dir='ltr'>mutata.</span> 
     </span>
    </p>
   </div>
   <div class='ocr_carea' id='block_1_10' title="bbox 221 1566 725 1742">
    <p class='ocr_par' dir='ltr' id='par_1_17' title="bbox 221 1566 725 1742">
     <span class='ocr_line' id='line_1_25' title="bbox 221 1566 694 1608; baseline 0.008 -11"><span class='ocrx_word' id='word_1_82' title='bbox 221 1590 227 1597; x_wconf 94' lang='lat'>.</span> <span class='ocrx_word' id='word_1_83' title='bbox 254 1566 388 1598; x_wconf 73' lang='lat' dir='ltr'>Horruit</span> <span class='ocrx_word' id='word_1_84' title='bbox 411 1568 542 1608; x_wconf 81' lang='lat' dir='ltr'>virginis</span> <span class='ocrx_word' id='word_1_85' title='bbox 567 1570 694 1601; x_wconf 80' lang='lat' dir='ltr'>auditus</span> 
     </span>
     <span class='ocr_line' id='line_1_26' title="bbox 305 1613 703 1657; baseline 0.01 -13"><span class='ocrx_word' id='word_1_86' title='bbox 305 1613 511 1653; x_wconf 82' lang='lat' dir='ltr'>Blasphemos</span> <span class='ocrx_word' id='word_1_87' title='bbox 535 1616 703 1657; x_wconf 84' lang='lat' dir='ltr'>audiendo,</span> 
     </span>
     <span class='ocr_line' id='line_1_27' title="bbox 257 1660 725 1702; baseline 0.009 -11"><span class='ocrx_word' id='word_1_88' title='bbox 257 1660 439 1700; x_wconf 82' lang='lat' dir='ltr'>Exasperat</span> <span class='ocrx_word' id='word_1_89' title='bbox 464 1663 530 1701; x_wconf 80' lang='lat' dir='ltr'>eJ&#39;us</span> <span class='ocrx_word' id='word_1_90' title='bbox 555 1664 725 1702; x_wconf 86' lang='lat' dir='ltr'>adspectus</span> 
     </span>
     <span class='ocr_line' id='line_1_28' title="bbox 303 1708 641 1742; baseline 0.009 -4"><span class='ocrx_word' id='word_1_91' title='bbox 303 1708 467 1741; x_wconf 84' lang='lat' dir='ltr'>Paricidas</span> <span class='ocrx_word' id='word_1_92' title='bbox 493 1709 641 1742; x_wconf 84' lang='lat' dir='ltr'>videndo.</span> 
     </span>
    </p>
   </div>
   <div class='ocr_carea' id='block_1_11' title="bbox 224 1783 714 2055">
    <p class='ocr_par' dir='ltr' id='par_1_18' title="bbox 224 1783 714 2055">
     <span class='ocr_line' id='line_1_29' title="bbox 224 1783 685 1827; baseline 0.007 -13"><span class='ocrx_word' id='word_1_93' title='bbox 224 1807 231 1814; x_wconf 92' lang='lat'>.</span> <span class='ocrx_word' id='word_1_94' title='bbox 256 1783 389 1822; x_wconf 84' lang='lat' dir='ltr'>Mariae,</span> <span class='ocrx_word' id='word_1_95' title='bbox 417 1784 520 1816; x_wconf 82' lang='lat' dir='ltr'>almae</span> <span class='ocrx_word' id='word_1_96' title='bbox 544 1785 685 1827; x_wconf 81' lang='lat' dir='ltr'>virginis,</span> 
     </span>
     <span class='ocr_line' id='line_1_30' title="bbox 305 1830 577 1863; baseline 0 0"><span class='ocrx_word' id='word_1_97' title='bbox 305 1830 393 1863; x_wconf 86' lang='lat' dir='ltr'>Oculi</span> <span class='ocrx_word' id='word_1_98' title='bbox 419 1830 577 1863; x_wconf 87' lang='lat' dir='ltr'>uberrimo</span> 
     </span>
     <span class='ocr_line' id='line_1_31' title="bbox 351 1877 692 1923; baseline 0.009 -14"><span class='ocrx_word' id='word_1_99' title='bbox 351 1877 445 1912; x_wconf 88' lang='lat' dir='ltr'>Fletu</span> <span class='ocrx_word' id='word_1_100' title='bbox 468 1879 692 1923; x_wconf 86' lang='lat' dir='ltr'>intumuerunt,</span> 
     </span>
     <span class='ocr_line' id='line_1_32' title="bbox 255 1925 705 1967; baseline 0.007 -11"><span class='ocrx_word' id='word_1_101' title='bbox 255 1925 374 1966; x_wconf 86' lang='lat' dir='ltr'>Suique</span> <span class='ocrx_word' id='word_1_102' title='bbox 397 1926 538 1958; x_wconf 87' lang='lat' dir='ltr'>membra</span> <span class='ocrx_word' id='word_1_103' title='bbox 564 1927 705 1967; x_wconf 87' lang='lat' dir='ltr'>corporis</span> 
     </span>
     <span class='ocr_line' id='line_1_33' title="bbox 303 1973 547 2005; baseline 0 0"><span class='ocrx_word' id='word_1_104' title='bbox 303 1973 379 2005; x_wconf 84' lang='lat' dir='ltr'>Filii</span> <span class='ocrx_word' id='word_1_105' title='bbox 406 1974 547 2005; x_wconf 87' lang='lat' dir='ltr'>cruciatu</span> 
     </span>
     <span class='ocr_line' id='line_1_34' title="bbox 349 2021 714 2055; baseline 0.003 -2"><span class='ocrx_word' id='word_1_106' title='bbox 349 2021 426 2053; x_wconf 84' lang='lat' dir='ltr'>Viso</span> <span class='ocrx_word' id='word_1_107' title='bbox 452 2024 714 2055; x_wconf 88' lang='lat' dir='ltr'>contremuerunt.</span> 
     </span>
    </p>
   </div>
   <div class='ocr_carea' id='block_1_12' title="bbox 878 237 1292 274">
    <p class='ocr_par' dir='ltr' id='par_1_19' title="bbox 878 237 1292 274">
     <span class='ocr_line' id='line_1_35' title="bbox 878 237 1292 274; baseline -0.012 -2"><span class='ocrx_word' id='word_1_108' title='bbox 878 242 907 274; x_wconf 90' lang='lat'>5.</span> <span class='ocrx_word' id='word_1_109' title='bbox 934 239 1086 271; x_wconf 82' lang='lat' dir='ltr'>Morienti</span> <span class='ocrx_word' id='word_1_110' title='bbox 1111 237 1195 270; x_wconf 81' lang='lat' dir='ltr'>dulci</span> <span class='ocrx_word' id='word_1_111' title='bbox 1218 239 1292 269; x_wconf 80' lang='lat' dir='ltr'>nato</span> 
     </span>
    </p>
   </div>
   <div class='ocr_carea' id='block_1_13' title="bbox 862 1412 901 1443">
    <p class='ocr_par' dir='ltr' id='par_1_20' title="bbox 862 1412 901 1443">
     <span class='ocr_line' id='line_1_36' title="bbox 862 1412 901 1443; baseline 0.051 -2"><span class='ocrx_word' id='word_1_112' title='bbox 862 1412 901 1443; x_wconf 89' lang='lat' dir='ltr'>A.</span> 
     </span>
    </p>
   </div>
   <div class='ocr_carea' id='block_1_14' title="bbox 933 284 1410 506">
    <p class='ocr_par' dir='ltr' id='par_1_21' title="bbox 936 284 1408 370">
     <span class='ocr_line' id='line_1_37' title="bbox 936 284 1408 326; baseline -0.008 -7"><span class='ocrx_word' id='word_1_113' title='bbox 936 287 1125 326; x_wconf 73' lang='lat' dir='ltr'>Quamquam</span> <span class='ocrx_word' id='word_1_114' title='bbox 1151 284 1246 316; x_wconf 86' lang='lat' dir='ltr'>corde</span> <span class='ocrx_word' id='word_1_115' title='bbox 1270 284 1408 315; x_wconf 86' lang='lat' dir='ltr'>sauciato</span> 
     </span>
     <span class='ocr_line' id='line_1_38' title="bbox 981 329 1388 370; baseline -0.01 -5"><span class='ocrx_word' id='word_1_116' title='bbox 981 333 1087 365; x_wconf 81' lang='lat' dir='ltr'>Mater</span> <span class='ocrx_word' id='word_1_117' title='bbox 1112 332 1240 363; x_wconf 83' lang='lat' dir='ltr'>adstans</span> <span class='ocrx_word' id='word_1_118' title='bbox 1264 329 1388 370; x_wconf 84' lang='lat' dir='ltr'>flebilis,</span> 
     </span>
    </p>

    <p class='ocr_par' dir='ltr' id='par_1_22' title="bbox 934 379 1396 421">
     <span class='ocr_line' id='line_1_39' title="bbox 934 379 1396 421; baseline -0.011 -8"><span class='ocrx_word' id='word_1_119' title='bbox 934 380 1107 421; x_wconf 80' lang='lat' dir='ltr'>Virginalis</span> <span class='ocrx_word' id='word_1_120' title='bbox 1137 379 1268 418; x_wconf 84' lang='lat' dir='ltr'>quisque</span> <span class='ocrx_word' id='word_1_121' title='bbox 1292 380 1396 418; x_wconf 84' lang='lat' dir='ltr'>gestus</span> 
     </span>
    </p>

    <p class='ocr_par' dir='ltr' id='par_1_23' title="bbox 933 425 1410 506">
     <span class='ocr_line' id='line_1_40' title="bbox 933 425 1410 459; baseline -0.008 0"><span class='ocrx_word' id='word_1_122' title='bbox 933 428 977 459; x_wconf 81' lang='lat' dir='ltr'>Et</span> <span class='ocrx_word' id='word_1_123' title='bbox 1000 432 1032 459; x_wconf 86' lang='lat' dir='ltr'>te</span> <span class='ocrx_word' id='word_1_124' title='bbox 1058 427 1170 459; x_wconf 84' lang='lat' dir='ltr'>decens</span> <span class='ocrx_word' id='word_1_125' title='bbox 1196 428 1227 457; x_wconf 87' lang='lat' dir='ltr'>et</span> <span class='ocrx_word' id='word_1_126' title='bbox 1251 425 1410 457; x_wconf 83' lang='lat' dir='ltr'>modestus</span> 
     </span>
     <span class='ocr_line' id='line_1_41' title="bbox 981 472 1321 506; baseline 0 -1"><span class='ocrx_word' id='word_1_127' title='bbox 981 475 1168 506; x_wconf 81' lang='lat' dir='ltr'>Perseverat</span> <span class='ocrx_word' id='word_1_128' title='bbox 1190 472 1321 505; x_wconf 82' lang='lat' dir='ltr'>stabilis,</span> 
     </span>
    </p>
   </div>
   <div class='ocr_carea' id='block_1_15' title="bbox 1049 556 1295 585">
    <p class='ocr_par' dir='ltr' id='par_1_24' title="bbox 1049 556 1295 585">
     <span class='ocr_line' id='line_1_42' title="bbox 1049 556 1295 585; baseline -0.012 0"><span class='ocrx_word' id='word_1_129' title='bbox 1049 558 1095 585; x_wconf 85' lang='lat' dir='ltr'>Ad</span> <span class='ocrx_word' id='word_1_130' title='bbox 1115 556 1295 584; x_wconf 80' lang='lat' dir='ltr'>Benedictus.</span> 
     </span>
    </p>
   </div>
   <div class='ocr_carea' id='block_1_16' title="bbox 933 613 1479 1161">
    <p class='ocr_par' dir='ltr' id='par_1_25' title="bbox 933 613 1479 1161">
     <span class='ocr_line' id='line_1_43' title="bbox 936 613 1457 654; baseline -0.006 -8"><span class='ocrx_word' id='word_1_131' title='bbox 936 615 1060 646; x_wconf 86' lang='lat' dir='ltr'>Christo</span> <span class='ocrx_word' id='word_1_132' title='bbox 1084 623 1177 654; x_wconf 86' lang='lat' dir='ltr'>passo</span> <span class='ocrx_word' id='word_1_133' title='bbox 1198 616 1327 645; x_wconf 89' lang='lat' dir='ltr'>mortem</span> <span class='ocrx_word' id='word_1_134' title='bbox 1355 613 1457 644; x_wconf 81' lang='lat' dir='ltr'>crucis</span> 
     </span>
     <span class='ocr_line' id='line_1_44' title="bbox 933 660 1384 702; baseline -0.004 -9"><span class='ocrx_word' id='word_1_135' title='bbox 933 661 1156 701; x_wconf 79' lang='lat' dir='ltr'>Ecclipsantur</span> <span class='ocrx_word' id='word_1_136' title='bbox 1180 660 1272 692; x_wconf 85' lang='lat' dir='ltr'>orbes</span> <span class='ocrx_word' id='word_1_137' title='bbox 1295 660 1384 702; x_wconf 81' lang='lat' dir='ltr'>lucis,</span> 
     </span>
     <span class='ocr_line' id='line_1_45' title="bbox 982 707 1378 748; baseline -0.008 -8"><span class='ocrx_word' id='word_1_138' title='bbox 982 708 1089 740; x_wconf 88' lang='lat' dir='ltr'>Solum</span> <span class='ocrx_word' id='word_1_139' title='bbox 1113 710 1217 739; x_wconf 75' lang='lat' dir='ltr'>terrae</span> <span class='ocrx_word' id='word_1_140' title='bbox 1240 707 1378 748; x_wconf 86' lang='lat' dir='ltr'>tremuit,</span> 
     </span>
     <span class='ocr_line' id='line_1_46' title="bbox 934 753 1404 795; baseline -0.006 -8"><span class='ocrx_word' id='word_1_141' title='bbox 934 755 1166 795; x_wconf 77' lang='lat' dir='ltr'>Disperguntur</span> <span class='ocrx_word' id='word_1_142' title='bbox 1191 754 1304 793; x_wconf 86' lang='lat' dir='ltr'>quique</span> <span class='ocrx_word' id='word_1_143' title='bbox 1328 753 1404 794; x_wconf 81' lang='lat' dir='ltr'>noti,</span> 
     </span>
     <span class='ocr_line' id='line_1_47' title="bbox 935 801 1260 842; baseline -0.009 -8"><span class='ocrx_word' id='word_1_144' title='bbox 935 802 1092 835; x_wconf 86' lang='lat' dir='ltr'>Oblitores</span> <span class='ocrx_word' id='word_1_145' title='bbox 1113 801 1162 832; x_wconf 86' lang='lat' dir='ltr'>sui</span> <span class='ocrx_word' id='word_1_146' title='bbox 1186 801 1260 842; x_wconf 87' lang='lat' dir='ltr'>voti,</span> 
     </span>
     <span class='ocr_line' id='line_1_48' title="bbox 981 846 1292 887; baseline -0.013 -6"><span class='ocrx_word' id='word_1_147' title='bbox 981 849 1103 881; x_wconf 82' lang='lat' dir='ltr'>Caritas</span> <span class='ocrx_word' id='word_1_148' title='bbox 1128 846 1292 887; x_wconf 77' lang='lat' dir='ltr'>refriguit3</span> 
     </span>
     <span class='ocr_line' id='line_1_49' title="bbox 935 894 1374 932; baseline -0.007 -5"><span class='ocrx_word' id='word_1_149' title='bbox 935 895 1010 927; x_wconf 81' lang='lat' dir='ltr'>Sola</span> <span class='ocrx_word' id='word_1_150' title='bbox 1034 899 1134 927; x_wconf 84' lang='lat' dir='ltr'>mater</span> <span class='ocrx_word' id='word_1_151' title='bbox 1159 897 1246 926; x_wconf 84' lang='lat' dir='ltr'>tenet</span> <span class='ocrx_word' id='word_1_152' title='bbox 1268 894 1374 932; x_wconf 79' lang='lat' dir='ltr'>fidem,</span> 
     </span>
     <span class='ocr_line' id='line_1_50' title="bbox 934 941 1479 982; baseline -0.009 -8"><span class='ocrx_word' id='word_1_153' title='bbox 934 943 1088 975; x_wconf 76' lang='lat' dir='ltr'>Constans</span> <span class='ocrx_word' id='word_1_154' title='bbox 1116 941 1217 982; x_wconf 84' lang='lat' dir='ltr'>docet,</span> <span class='ocrx_word' id='word_1_155' title='bbox 1243 942 1326 980; x_wconf 88' lang='lat' dir='ltr'>quod</span> <span class='ocrx_word' id='word_1_156' title='bbox 1347 944 1379 971; x_wconf 87' lang='lat' dir='ltr'>et</span> <span class='ocrx_word' id='word_1_157' title='bbox 1395 941 1479 970; x_wconf 73' lang='lat' dir='ltr'>idem</span> 
     </span>
     <span class='ocr_line' id='line_1_51' title="bbox 981 988 1336 1029; baseline -0.003 -9"><span class='ocrx_word' id='word_1_158' title='bbox 981 989 1137 1029; x_wconf 82' lang='lat' dir='ltr'>Resurget</span> <span class='ocrx_word' id='word_1_159' title='bbox 1159 988 1192 1019; x_wconf 90' lang='lat' dir='ltr'>in</span> <span class='ocrx_word' id='word_1_160' title='bbox 1217 988 1336 1027; x_wconf 81' lang='lat' dir='ltr'>gloria3</span> 
     </span>
     <span class='ocr_line' id='line_1_52' title="bbox 934 1034 1399 1073; baseline -0.004 -7"><span class='ocrx_word' id='word_1_161' title='bbox 934 1037 1036 1067; x_wconf 86' lang='lat' dir='ltr'>Verae</span> <span class='ocrx_word' id='word_1_162' title='bbox 1062 1035 1186 1067; x_wconf 82' lang='lat' dir='ltr'>doctrix</span> <span class='ocrx_word' id='word_1_163' title='bbox 1212 1034 1399 1073; x_wconf 81' lang='lat' dir='ltr'>disciplinae</span> 
     </span>
     <span class='ocr_line' id='line_1_53' title="bbox 933 1080 1331 1114; baseline -0.005 0"><span class='ocrx_word' id='word_1_164' title='bbox 933 1082 1033 1114; x_wconf 82' lang='lat' dir='ltr'>Nobis</span> <span class='ocrx_word' id='word_1_165' title='bbox 1060 1083 1154 1114; x_wconf 82' lang='lat' dir='ltr'>donet</span> <span class='ocrx_word' id='word_1_166' title='bbox 1178 1082 1245 1112; x_wconf 85' lang='lat' dir='ltr'>sine</span> <span class='ocrx_word' id='word_1_167' title='bbox 1269 1080 1331 1113; x_wconf 88' lang='lat' dir='ltr'>fine</span> 
     </span>
     <span class='ocr_line' id='line_1_54' title="bbox 981 1128 1260 1161; baseline 0 0"><span class='ocrx_word' id='word_1_168' title='bbox 981 1128 1106 1161; x_wconf 83' lang='lat' dir='ltr'>Pcrfrui</span> <span class='ocrx_word' id='word_1_169' title='bbox 1130 1128 1260 1161; x_wconf 83' lang='lat' dir='ltr'>laetitia.</span> 
     </span>
    </p>
   </div>
   <div class='ocr_carea' id='block_1_17' title="bbox 1000 1258 1346 1297">
    <p class='ocr_par' dir='ltr' id='par_1_26' title="bbox 1000 1258 1346 1297">
     <span class='ocr_line' id='line_1_55' title="bbox 1000 1258 1346 1297; baseline -0.009 -6"><span class='ocrx_word' id='word_1_170' title='bbox 1000 1260 1046 1291; x_wconf 88' lang='lat' dir='ltr'>In</span> <span class='ocrx_word' id='word_1_171' title='bbox 1073 1261 1103 1292; x_wconf 85' lang='lat'>2.</span> <span class='ocrx_word' id='word_1_172' title='bbox 1131 1259 1238 1297; x_wconf 84' lang='lat' dir='ltr'>Vesp</span> <span class='ocrx_word' id='word_1_173' title='bbox 1251 1258 1346 1289; x_wconf 89' lang='lat' dir='ltr'>eris.</span> 
     </span>
    </p>
   </div>
   <div class='ocr_carea' id='block_1_18' title="bbox 1052 1340 1294 1378">
    <p class='ocr_par' dir='ltr' id='par_1_27' title="bbox 1052 1340 1294 1378">
     <span class='ocr_line' id='line_1_56' title="bbox 1052 1340 1294 1378; baseline -0.017 -7"><span class='ocrx_word' id='word_1_174' title='bbox 1052 1343 1099 1371; x_wconf 85' lang='lat' dir='ltr'>Ad</span> <span class='ocrx_word' id='word_1_175' title='bbox 1118 1340 1294 1378; x_wconf 81' lang='lat' dir='ltr'>Magnificat.</span> 
     </span>
    </p>
   </div>
   <div class='ocr_carea' id='block_1_19' title="bbox 932 1408 1442 2063">
    <p class='ocr_par' dir='ltr' id='par_1_28' title="bbox 932 1408 1361 1493">
     <span class='ocr_line' id='line_1_57' title="bbox 932 1408 1361 1442; baseline -0.009 0"><span class='ocrx_word' id='word_1_176' title='bbox 932 1413 1016 1442; x_wconf 84' lang='lat' dir='ltr'>Ante</span> <span class='ocrx_word' id='word_1_177' title='bbox 1039 1410 1185 1441; x_wconf 80' lang='lat' dir='ltr'>thronum</span> <span class='ocrx_word' id='word_1_178' title='bbox 1210 1408 1361 1439; x_wconf 80' lang='lat' dir='ltr'>trinitatis</span> 
     </span>
     <span class='ocr_line' id='line_1_58' title="bbox 932 1456 1306 1493; baseline -0.011 -4"><span class='ocrx_word' id='word_1_179' title='bbox 932 1457 1122 1489; x_wconf 83' lang='lat' dir='ltr'>Miserorum</span> <span class='ocrx_word' id='word_1_180' title='bbox 1148 1456 1306 1493; x_wconf 85' lang='lat' dir='ltr'>miserata,</span> 
     </span>
    </p>

    <p class='ocr_par' dir='ltr' id='par_1_29' title="bbox 933 1503 1278 1542">
     <span class='ocr_line' id='line_1_59' title="bbox 933 1503 1278 1542; baseline -0.009 -6"><span class='ocrx_word' id='word_1_181' title='bbox 933 1505 991 1536; x_wconf 87' lang='lat' dir='ltr'>Pia</span> <span class='ocrx_word' id='word_1_182' title='bbox 1015 1507 1115 1535; x_wconf 86' lang='lat' dir='ltr'>mater</span> <span class='ocrx_word' id='word_1_183' title='bbox 1138 1503 1278 1542; x_wconf 84' lang='lat' dir='ltr'>pietatis,</span> 
     </span>
    </p>

    <p class='ocr_par' dir='ltr' id='par_1_30' title="bbox 933 1550 1417 1732">
     <span class='ocr_line' id='line_1_60' title="bbox 933 1550 1369 1591; baseline -0.007 -8"><span class='ocrx_word' id='word_1_184' title='bbox 933 1551 982 1583; x_wconf 85' lang='lat' dir='ltr'>Sis</span> <span class='ocrx_word' id='word_1_185' title='bbox 1007 1560 1065 1591; x_wconf 89' lang='lat' dir='ltr'>pro</span> <span class='ocrx_word' id='word_1_186' title='bbox 1089 1550 1180 1582; x_wconf 89' lang='lat' dir='ltr'>nobis</span> <span class='ocrx_word' id='word_1_187' title='bbox 1206 1550 1369 1588; x_wconf 84' lang='lat' dir='ltr'>advocata,</span> 
     </span>
     <span class='ocr_line' id='line_1_61' title="bbox 934 1596 1417 1638; baseline -0.008 -7"><span class='ocrx_word' id='word_1_188' title='bbox 934 1599 1020 1637; x_wconf 68' lang='lat' dir='ltr'>Quae</span> <span class='ocrx_word' id='word_1_189' title='bbox 1043 1605 1139 1638; x_wconf 85' lang='lat' dir='ltr'>super</span> <span class='ocrx_word' id='word_1_190' title='bbox 1163 1597 1273 1636; x_wconf 79' lang='lat' dir='ltr'>poenis</span> <span class='ocrx_word' id='word_1_191' title='bbox 1298 1596 1417 1627; x_wconf 83' lang='lat' dir='ltr'>cunctis</span> 
     </span>
     <span class='ocr_line' id='line_1_62' title="bbox 935 1644 1324 1677; baseline -0.005 -1"><span class='ocrx_word' id='word_1_192' title='bbox 935 1645 993 1676; x_wconf 89' lang='lat' dir='ltr'>Tui</span> <span class='ocrx_word' id='word_1_193' title='bbox 1018 1646 1085 1677; x_wconf 85' lang='lat' dir='ltr'>nati</span> <span class='ocrx_word' id='word_1_194' title='bbox 1110 1648 1142 1676; x_wconf 85' lang='lat' dir='ltr'>et</span> <span class='ocrx_word' id='word_1_195' title='bbox 1167 1644 1324 1675; x_wconf 86' lang='lat' dir='ltr'>aerumnis</span> 
     </span>
     <span class='ocr_line' id='line_1_63' title="bbox 934 1689 1295 1732; baseline -0.011 -8"><span class='ocrx_word' id='word_1_196' title='bbox 934 1692 1041 1732; x_wconf 89' lang='lat' dir='ltr'>Atque</span> <span class='ocrx_word' id='word_1_197' title='bbox 1066 1693 1132 1732; x_wconf 86' lang='lat' dir='ltr'>ejus</span> <span class='ocrx_word' id='word_1_198' title='bbox 1157 1689 1295 1722; x_wconf 76' lang='lat' dir='ltr'>infamiis</span> 
     </span>
    </p>

    <p class='ocr_par' dir='ltr' id='par_1_31' title="bbox 934 1737 1317 1770">
     <span class='ocr_line' id='line_1_64' title="bbox 934 1737 1317 1770; baseline -0.008 0"><span class='ocrx_word' id='word_1_199' title='bbox 934 1739 979 1770; x_wconf 84' lang='lat' dir='ltr'>Et</span> <span class='ocrx_word' id='word_1_200' title='bbox 1006 1741 1150 1770; x_wconf 84' lang='lat' dir='ltr'>notorum</span> <span class='ocrx_word' id='word_1_201' title='bbox 1174 1737 1317 1769; x_wconf 82' lang='lat' dir='ltr'>absentia</span> 
     </span>
    </p>

    <p class='ocr_par' dir='ltr' id='par_1_32' title="bbox 933 1783 1442 2007">
     <span class='ocr_line' id='line_1_65' title="bbox 937 1783 1442 1824; baseline -0.01 -6"><span class='ocrx_word' id='word_1_202' title='bbox 937 1786 1005 1818; x_wconf 88' lang='lat' dir='ltr'>Nec</span> <span class='ocrx_word' id='word_1_203' title='bbox 1029 1795 1090 1818; x_wconf 89' lang='lat' dir='ltr'>non</span> <span class='ocrx_word' id='word_1_204' title='bbox 1116 1785 1227 1824; x_wconf 83' lang='lat' dir='ltr'>culpae</span> <span class='ocrx_word' id='word_1_205' title='bbox 1251 1787 1323 1815; x_wconf 82' lang='lat' dir='ltr'>tuae</span> <span class='ocrx_word' id='word_1_206' title='bbox 1347 1783 1442 1823; x_wconf 68' lang='lat' dir='ltr'>gentis</span> 
     </span>
     <span class='ocr_line' id='line_1_66' title="bbox 936 1830 1395 1872; baseline -0.009 -7"><span class='ocrx_word' id='word_1_207' title='bbox 936 1835 974 1866; x_wconf 86' lang='lat' dir='ltr'>In</span> <span class='ocrx_word' id='word_1_208' title='bbox 998 1834 1182 1865; x_wconf 89' lang='lat' dir='ltr'>immensum</span> <span class='ocrx_word' id='word_1_209' title='bbox 1209 1840 1241 1863; x_wconf 86' lang='lat' dir='ltr'>es</span> <span class='ocrx_word' id='word_1_210' title='bbox 1265 1830 1395 1872; x_wconf 74' lang='lat' dir='ltr'>afflicta,</span> 
     </span>
     <span class='ocr_line' id='line_1_67' title="bbox 935 1878 1324 1913; baseline -0.01 0"><span class='ocrx_word' id='word_1_211' title='bbox 935 1880 986 1913; x_wconf 85' lang='lat' dir='ltr'>Ne</span> <span class='ocrx_word' id='word_1_212' title='bbox 1009 1879 1125 1912; x_wconf 80' lang='lat' dir='ltr'>similia</span> <span class='ocrx_word' id='word_1_213' title='bbox 1148 1880 1210 1910; x_wconf 79' lang='lat' dir='ltr'>sint</span> <span class='ocrx_word' id='word_1_214' title='bbox 1234 1878 1324 1910; x_wconf 86' lang='lat' dir='ltr'>nobis</span> 
     </span>
     <span class='ocr_line' id='line_1_68' title="bbox 933 1926 1389 1968; baseline -0.009 -8"><span class='ocrx_word' id='word_1_215' title='bbox 933 1928 1032 1960; x_wconf 83' lang='lat' dir='ltr'>Modo</span> <span class='ocrx_word' id='word_1_216' title='bbox 1058 1934 1260 1968; x_wconf 85' lang='lat' dir='ltr'>quaeeunque</span> <span class='ocrx_word' id='word_1_217' title='bbox 1284 1926 1389 1963; x_wconf 78' lang='lat' dir='ltr'>noxia,</span> 
     </span>
     <span class='ocr_line' id='line_1_69' title="bbox 934 1973 1268 2007; baseline -0.009 0"><span class='ocrx_word' id='word_1_218' title='bbox 934 1975 1053 2007; x_wconf 86' lang='lat' dir='ltr'>Merito</span> <span class='ocrx_word' id='word_1_219' title='bbox 1078 1974 1124 2007; x_wconf 89' lang='lat' dir='ltr'>tui</span> <span class='ocrx_word' id='word_1_220' title='bbox 1151 1973 1268 2006; x_wconf 85' lang='lat' dir='ltr'>doloris</span> 
     </span>
    </p>

    <p class='ocr_par' dir='ltr' id='par_1_33' title="bbox 936 2021 1299 2063">
     <span class='ocr_line' id='line_1_70' title="bbox 936 2021 1299 2063; baseline -0.003 -8"><span class='ocrx_word' id='word_1_221' title='bbox 936 2023 987 2055; x_wconf 91' lang='lat' dir='ltr'>Da</span> <span class='ocrx_word' id='word_1_222' title='bbox 1015 2025 1125 2063; x_wconf 80' lang='lat' dir='ltr'>optata</span> <span class='ocrx_word' id='word_1_223' title='bbox 1148 2021 1299 2054; x_wconf 80' lang='lat' dir='ltr'>remedia.</span> 
     </span>
    </p>
   </div>
   <div class='ocr_carea' id='block_1_20' title="bbox 259 2123 1472 2155">
    <p class='ocr_par' dir='ltr' id='par_1_34' title="bbox 259 2123 1472 2155">
     <span class='ocr_line' id='line_1_71' title="bbox 259 2123 1472 2155; baseline -0.002 -3"><span class='ocrx_word' id='word_1_224' title='bbox 259 2125 343 2152; x_wconf 84' lang='lat' dir='ltr'>Brev.</span> <span class='ocrx_word' id='word_1_225' title='bbox 367 2134 420 2152; x_wconf 84' lang='lat' dir='ltr'>ms.</span> <span class='ocrx_word' id='word_1_226' title='bbox 441 2125 678 2153; x_wconf 82' lang='lat' dir='ltr'>Praedicatorum</span> <span class='ocrx_word' id='word_1_227' title='bbox 698 2135 774 2154; x_wconf 86' lang='lat' dir='ltr'>saec.</span> <span class='ocrx_word' id='word_1_228' title='bbox 797 2124 840 2155; x_wconf 83' lang='lat'>15.</span> <span class='ocrx_word' id='word_1_229' title='bbox 881 2126 949 2154; x_wconf 83' lang='lat' dir='ltr'>Cod.</span> <span class='ocrx_word' id='word_1_230' title='bbox 969 2127 1094 2155; x_wconf 68' lang='lat' dir='ltr'>Pal-isin.</span> <span class='ocrx_word' id='word_1_231' title='bbox 1116 2123 1197 2154; x_wconf 85' lang='lat'>1305.</span> <span class='ocrx_word' id='word_1_232' title='bbox 1218 2125 1251 2152; x_wconf 87' lang='lat' dir='ltr'>A.</span> <span class='ocrx_word' id='word_1_233' title='bbox 1272 2140 1309 2144; x_wconf 92' lang='lat'>—-</span> <span class='ocrx_word' id='word_1_234' title='bbox 1327 2125 1413 2153; x_wconf 83' lang='lat' dir='ltr'>Brev.</span> <span class='ocrx_word' id='word_1_235' title='bbox 1434 2134 1472 2151; x_wconf 54' lang='lat' dir='ltr'>mr</span> 
     </span>
    </p>
   </div>
   <div class='ocr_carea' id='block_1_21' title="bbox 181 2162 1486 2276">
    <p class='ocr_par' dir='ltr' id='par_1_35' title="bbox 181 2162 1486 2276">
     <span class='ocr_line' id='line_1_72' title="bbox 181 2162 1486 2200; baseline 0 -11"><span class='ocrx_word' id='word_1_236' title='bbox 181 2162 421 2190; x_wconf 82' lang='lat' dir='ltr'>Praedicatorum</span> <span class='ocrx_word' id='word_1_237' title='bbox 441 2171 516 2191; x_wconf 83' lang='lat' dir='ltr'>saec.</span> <span class='ocrx_word' id='word_1_238' title='bbox 540 2162 583 2191; x_wconf 85' lang='lat'>15.</span> <span class='ocrx_word' id='word_1_239' title='bbox 620 2164 689 2192; x_wconf 82' lang='lat' dir='ltr'>Cod.</span> <span class='ocrx_word' id='word_1_240' title='bbox 710 2166 850 2192; x_wconf 82' lang='lat' dir='ltr'>Mazarin.</span> <span class='ocrx_word' id='word_1_241' title='bbox 872 2162 927 2192; x_wconf 81' lang='lat'>356</span> <span class='ocrx_word' id='word_1_242' title='bbox 942 2163 1026 2200; x_wconf 81' lang='lat'>(768).</span> <span class='ocrx_word' id='word_1_243' title='bbox 1048 2166 1080 2191; x_wconf 88' lang='lat' dir='ltr'>B.</span> <span class='ocrx_word' id='word_1_244' title='bbox 1100 2178 1138 2182; x_wconf 92' lang='lat'>—</span> <span class='ocrx_word' id='word_1_245' title='bbox 1152 2165 1235 2192; x_wconf 83' lang='lat' dir='ltr'>Brev.</span> <span class='ocrx_word' id='word_1_246' title='bbox 1249 2163 1486 2191; x_wconf 72' lang='lat' dir='ltr'>P1·aedicat‹›1·un1</span> 
     </span>
     <span class='ocr_line' id='line_1_73' title="bbox 181 2199 1422 2239; baseline -0.002 -12"><span class='ocrx_word' id='word_1_247' title='bbox 181 2202 250 2236; x_wconf 82' lang='lat' dir='ltr'>imp.</span> <span class='ocrx_word' id='word_1_248' title='bbox 278 2201 409 2229; x_wconf 78' lang='lat' dir='ltr'>Venetiis</span> <span class='ocrx_word' id='word_1_249' title='bbox 439 2199 521 2229; x_wconf 87' lang='lat'>1514.</span> <span class='ocrx_word' id='word_1_250' title='bbox 549 2201 578 2229; x_wconf 79' lang='grc' dir='ltr'>Ο.</span> <span class='ocrx_word' id='word_1_251' title='bbox 616 2222 640 2225; x_wconf 95' lang='grc'><strong>-</strong></span> <span class='ocrx_word' id='word_1_252' title='bbox 679 2203 763 2230; x_wconf 85' lang='lat' dir='ltr'>Brev.</span> <span class='ocrx_word' id='word_1_253' title='bbox 790 2203 1001 2231; x_wconf 83' lang='lat' dir='ltr'>Roschildense</span> <span class='ocrx_word' id='word_1_254' title='bbox 1026 2204 1094 2239; x_wconf 85' lang='lat' dir='ltr'>imp.</span> <span class='ocrx_word' id='word_1_255' title='bbox 1121 2202 1245 2229; x_wconf 84' lang='lat' dir='ltr'>Parisiis</span> <span class='ocrx_word' id='word_1_256' title='bbox 1277 2200 1357 2229; x_wconf 84' lang='lat'>1517.</span> <span class='ocrx_word' id='word_1_257' title='bbox 1387 2201 1422 2227; x_wconf 91' lang='lat' dir='ltr'>D.</span> 
     </span>
     <span class='ocr_line' id='line_1_74' title="bbox 182 2238 838 2276; baseline 0.003 -11"><span class='ocrx_word' id='word_1_258' title='bbox 182 2239 265 2266; x_wconf 83' lang='lat' dir='ltr'>Brev.</span> <span class='ocrx_word' id='word_1_259' title='bbox 286 2239 444 2266; x_wconf 80' lang='lat' dir='ltr'>Lundense</span> <span class='ocrx_word' id='word_1_260' title='bbox 467 2241 535 2276; x_wconf 81' lang='lat' dir='ltr'>imp.</span> <span class='ocrx_word' id='word_1_261' title='bbox 556 2240 678 2270; x_wconf 75' lang='lat' dir='ltr'>Parisiis</span> <span class='ocrx_word' id='word_1_262' title='bbox 701 2238 783 2268; x_wconf 82' lang='lat'>1517.</span> <span class='ocrx_word' id='word_1_263' title='bbox 802 2241 838 2267; x_wconf 82' lang='lat' dir='ltr'>E.</span> 
     </span>
    </p>
   </div>
   <div class='ocr_carea' id='block_1_22' title="bbox 181 2284 1487 2432">
    <p class='ocr_par' dir='ltr' id='par_1_36' title="bbox 181 2284 1487 2432">
     <span class='ocr_line' id='line_1_75' title="bbox 257 2284 1487 2323; baseline 0.002 -11"><span class='ocrx_word' id='word_1_264' title='bbox 257 2286 299 2313; x_wconf 87' lang='lat' dir='ltr'>In</span> <span class='ocrx_word' id='word_1_265' title='bbox 320 2284 344 2312; x_wconf 93' lang='grc'>1.</span> <span class='ocrx_word' id='word_1_266' title='bbox 364 2286 468 2322; x_wconf 88' lang='lat' dir='ltr'>Vesp.</span> <span class='ocrx_word' id='word_1_267' title='bbox 491 2287 584 2323; x_wconf 79' lang='lat' dir='ltr'>Super</span> <span class='ocrx_word' id='word_1_268' title='bbox 603 2288 636 2315; x_wconf 91' lang='lat' dir='ltr'>P.</span> <span class='ocrx_word' id='word_1_269' title='bbox 659 2286 693 2321; x_wconf 81' lang='lat' dir='ltr'>A⁷</span> <span class='ocrx_word' id='word_1_270' title='bbox 721 2285 738 2314; x_wconf 87' lang='grc'>6</span> <span class='ocrx_word' id='word_1_271' title='bbox 765 2289 883 2315; x_wconf 75' lang='lat' dir='ltr'>transiit</span> <span class='ocrx_word' id='word_1_272' title='bbox 903 2288 933 2316; x_wconf 81' lang='lat' dir='ltr'>O.</span> <span class='ocrx_word' id='word_1_273' title='bbox 954 2303 991 2308; x_wconf 90' lang='lat'>——</span> <span class='ocrx_word' id='word_1_274' title='bbox 1010 2289 1053 2316; x_wconf 90' lang='lat' dir='ltr'>In</span> <span class='ocrx_word' id='word_1_275' title='bbox 1074 2287 1099 2315; x_wconf 96' lang='lat'>1.</span> <span class='ocrx_word' id='word_1_276' title='bbox 1119 2288 1218 2314; x_wconf 80' lang='lat' dir='ltr'>Noet.</span> <span class='ocrx_word' id='word_1_277' title='bbox 1240 2285 1262 2313; x_wconf 92' lang='lat' dir='ltr'><strong>A</strong></span> <span class='ocrx_word' id='word_1_278' title='bbox 1286 2287 1315 2322; x_wconf 87' lang='lat'>1,</span> <span class='ocrx_word' id='word_1_279' title='bbox 1340 2285 1358 2313; x_wconf 82' lang='grc'>2</span> <span class='ocrx_word' id='word_1_280' title='bbox 1378 2288 1487 2315; x_wconf 76' lang='lat' dir='ltr'>Palmis</span> 
     </span>
     <span class='ocr_line' id='line_1_76' title="bbox 182 2323 1478 2359; baseline 0.002 -9"><span class='ocrx_word' id='word_1_281' title='bbox 182 2323 261 2351; x_wconf 72' lang='lat' dir='ltr'>cedis</span> <span class='ocrx_word' id='word_1_282' title='bbox 280 2324 446 2359; x_wconf 78' lang='lat' dir='ltr'>flag-ellatur</span> <span class='ocrx_word' id='word_1_283' title='bbox 465 2325 501 2352; x_wconf 94' lang='lat' dir='ltr'>A.</span> <span class='ocrx_word' id='word_1_284' title='bbox 522 2340 558 2344; x_wconf 89' lang='lat'><strong>—</strong></span> <span class='ocrx_word' id='word_1_285' title='bbox 579 2323 601 2351; x_wconf 90' lang='lat' dir='ltr'><strong>A</strong></span> <span class='ocrx_word' id='word_1_286' title='bbox 623 2323 649 2359; x_wconf 87' lang='lat'>3,</span> <span class='ocrx_word' id='word_1_287' title='bbox 671 2323 688 2352; x_wconf 81' lang='lat'>5</span> <span class='ocrx_word' id='word_1_288' title='bbox 708 2334 773 2352; x_wconf 89' lang='lat' dir='ltr'>cum</span> <span class='ocrx_word' id='word_1_289' title='bbox 793 2326 950 2354; x_wconf 81' lang='lat' dir='ltr'>molestant</span> <span class='ocrx_word' id='word_1_290' title='bbox 967 2327 1003 2354; x_wconf 93' lang='lat' dir='ltr'>D.</span> <span class='ocrx_word' id='word_1_291' title='bbox 1026 2342 1064 2346; x_wconf 84' lang='lat'>—</span> <span class='ocrx_word' id='word_1_292' title='bbox 1084 2324 1104 2352; x_wconf 73' lang='lat' dir='ltr'><strong>R</strong></span> <span class='ocrx_word' id='word_1_293' title='bbox 1128 2323 1151 2359; x_wconf 85' lang='lat'>1,</span> <span class='ocrx_word' id='word_1_294' title='bbox 1173 2323 1190 2352; x_wconf 92' lang='grc'>6</span> <span class='ocrx_word' id='word_1_295' title='bbox 1210 2325 1284 2352; x_wconf 86' lang='lat' dir='ltr'>tales</span> <span class='ocrx_word' id='word_1_296' title='bbox 1304 2326 1380 2352; x_wconf 82' lang='lat' dir='ltr'>ictus</span> <span class='ocrx_word' id='word_1_297' title='bbox 1399 2325 1428 2352; x_wconf 84' lang='lat' dir='ltr'>C.</span> <span class='ocrx_word' id='word_1_298' title='bbox 1450 2342 1478 2345; x_wconf 96' lang='lat'><strong>—</strong></span> 
     </span>
     <span class='ocr_line' id='line_1_77' title="bbox 182 2358 1485 2398; baseline 0.002 -11"><span class='ocrx_word' id='word_1_299' title='bbox 182 2359 203 2387; x_wconf 68' lang='lat' dir='ltr'>R</span> <span class='ocrx_word' id='word_1_300' title='bbox 234 2359 265 2393; x_wconf 87' lang='lat'>1,</span> <span class='ocrx_word' id='word_1_301' title='bbox 295 2358 313 2388; x_wconf 81' lang='lat'>8</span> <span class='ocrx_word' id='word_1_302' title='bbox 331 2362 409 2390; x_wconf 87' lang='lat' dir='ltr'>Dum</span> <span class='ocrx_word' id='word_1_303' title='bbox 433 2362 526 2390; x_wconf 82' lang='lat' dir='ltr'>clavis</span> <span class='ocrx_word' id='word_1_304' title='bbox 546 2364 581 2390; x_wconf 94' lang='lat' dir='ltr'>A.</span> <span class='ocrx_word' id='word_1_305' title='bbox 609 2379 645 2383; x_wconf 88' lang='lat'>—-</span> <span class='ocrx_word' id='word_1_306' title='bbox 677 2361 697 2389; x_wconf 76' lang='lat' dir='ltr'>R</span> <span class='ocrx_word' id='word_1_307' title='bbox 725 2361 754 2396; x_wconf 93' lang='lat'>1,</span> <span class='ocrx_word' id='word_1_308' title='bbox 781 2362 798 2390; x_wconf 89' lang='lat'>9</span> <span class='ocrx_word' id='word_1_309' title='bbox 819 2363 945 2391; x_wconf 79' lang='lat' dir='ltr'>Sanctae</span> <span class='ocrx_word' id='word_1_310' title='bbox 963 2365 1077 2392; x_wconf 82' lang='lat' dir='ltr'>Mariae</span> <span class='ocrx_word' id='word_1_311' title='bbox 1101 2363 1217 2398; x_wconf 83' lang='lat' dir='ltr'>genitus</span> <span class='ocrx_word' id='word_1_312' title='bbox 1239 2362 1269 2390; x_wconf 79' lang='grc' dir='ltr'>Ο.</span> <span class='ocrx_word' id='word_1_313' title='bbox 1298 2377 1333 2381; x_wconf 87' lang='grc'>-</span> <span class='ocrx_word' id='word_1_314' title='bbox 1361 2361 1380 2389; x_wconf 74' lang='grc' dir='ltr'>Β</span> <span class='ocrx_word' id='word_1_315' title='bbox 1412 2362 1441 2398; x_wconf 73' lang='lat'>2,</span> <span class='ocrx_word' id='word_1_316' title='bbox 1470 2363 1485 2393; x_wconf 90' lang='grc'>1</span> 
     </span>
     <span class='ocr_line' id='line_1_78' title="bbox 181 2399 950 2432; baseline 0.004 -6"><span class='ocrx_word' id='word_1_317' title='bbox 181 2399 311 2427; x_wconf 75' lang='lat' dir='ltr'>Aeterna</span> <span class='ocrx_word' id='word_1_318' title='bbox 329 2400 422 2432; x_wconf 82' lang='lat' dir='ltr'>patris</span> <span class='ocrx_word' id='word_1_319' title='bbox 442 2400 534 2428; x_wconf 87' lang='lat' dir='ltr'>filium</span> <span class='ocrx_word' id='word_1_320' title='bbox 556 2401 591 2428; x_wconf 90' lang='lat' dir='ltr'>D.</span> <span class='ocrx_word' id='word_1_321' title='bbox 614 2416 649 2420; x_wconf 89' lang='lat'><strong>—</strong></span> <span class='ocrx_word' id='word_1_322' title='bbox 669 2402 697 2429; x_wconf 79' lang='lat' dir='ltr'>R</span> <span class='ocrx_word' id='word_1_323' title='bbox 715 2399 733 2428; x_wconf 79' lang='lat'>2</span> <span class='ocrx_word' id='word_1_324' title='bbox 752 2402 847 2429; x_wconf 84' lang='lat' dir='ltr'>lautet</span> <span class='ocrx_word' id='word_1_325' title='bbox 864 2403 896 2429; x_wconf 82' lang='lat' dir='ltr'>in</span> <span class='ocrx_word' id='word_1_326' title='bbox 915 2402 950 2431; x_wconf 82' lang='lat'>0:</span> 
     </span>
    </p>
   </div>
  </div>
 </body>
</html>
