1652 2615
711 136 758 141 -
805 130 873 151 ὧίυ
920 135 967 141 —·

400 212 604 248 Responsoria.
881 212 911 242 2.
939 210 1001 242 Hic
1024 210 1163 242 lustrans
1186 208 1366 248 provincias

987 256 1117 288 verbum
1139 257 1222 288 vitae
1247 256 1336 293 sevit,

940 304 1000 335 Per
1027 303 1122 334 istum
1148 302 1307 334 Bononiae

983 349 1062 382 fides
1087 350 1213 381 tandem
1239 349 1348 380 crevit.

213 280 243 313 1.
268 281 377 313 Justus
403 280 441 311 ab
466 279 591 319 injustis

315 328 388 360 dum
399 325 606 367 persequitur,
622 325 712 364 jubet
723 323 811 354 illum

267 375 434 414 Apparens
459 371 618 405 Christus:

314 423 348 452 tu
371 419 542 451 Bononiam
565 418 657 449 modo
681 417 770 456 vade,
882 415 912 446 3.
938 414 1023 446 Huic
1047 416 1161 453 quanto
1186 413 1307 444 Totilas

270 467 326 498 Cui
349 465 423 498 fidei
447 466 551 496 lumen

314 520 457 544 reserans
483 511 666 543 vacuabitur
691 518 788 541 error.

230 586 236 592 .
266 560 373 599 Inquit
396 558 424 589 ei
450 557 616 590 Dominus:

315 605 361 637 fili
388 604 510 647 dilecte,
543 604 655 635 recede

268 651 439 684 Bononiam
463 651 594 683 tendens

316 698 452 737 reliquos
479 698 636 736 ducasque
658 696 779 729 fideles.

236 787 244 794 .
270 764 440 795 Pollicetur
464 762 652 794 Theodonus

270 811 311 842 Se
334 810 488 850 baptizari
513 809 664 852 protinus,

271 857 304 888 Si
328 858 436 896 posset
460 859 586 887 sanctus
611 856 761 887 Proculus

316 904 445 935 Manum
471 911 581 934 curare
604 901 680 941 filii3

270 950 346 982 Mox
371 951 496 980 sanctus
520 951 556 980 ut
580 951 734 988 oraverat,

268 997 382 1028 Manus
408 998 516 1027 curata
540 994 652 1036 fuerat,

269 1044 354 1082 Quae
377 1042 464 1081 prius
490 1045 665 1082 exaruerat,

320 1088 428 1121 Credit
451 1091 542 1127 pater
566 1091 598 1119 et
621 1089 685 1121 alii.

235 1160 242 1168 .
275 1134 356 1167 Cum
380 1135 535 1167 adductus
560 1137 635 1166 esset
646 1144 731 1175 puer
746 1145 815 1166 ma-

272 1192 353 1213 num
399 1181 516 1213 habens
568 1181 697 1213 aridam
743 1184 817 1213 ante

274 1228 379 1260 virum
402 1227 474 1269 Dei,
502 1227 606 1260 oculos
630 1229 674 1259 ad
694 1228 819 1259 caelum

277 1274 399 1306 elevans
425 1274 527 1306 oravit
545 1283 606 1312 pro
633 1284 678 1307 eo.

242 1364 249 1371 .
273 1339 354 1371 Dum
381 1339 466 1370 cadit
488 1339 540 1370 hic
563 1342 697 1379 sanctus,

324 1385 412 1417 dolor
430 1388 487 1425 est,
505 1383 645 1425 afflictio,
663 1387 817 1426 planctus,

276 1430 375 1464 Fiunt
396 1432 476 1463 mira
500 1432 634 1471 quidem,

322 1479 361 1510 de
384 1477 469 1509 fluxu
493 1478 651 1518 sanguinis
675 1478 759 1511 idem

274 1525 435 1564 Quandam
466 1525 594 1564 curavit,

323 1579 447 1603 caecum
474 1580 565 1604 cruor
587 1572 786 1612 illuminavit,

205 1617 243 1650 V.
273 1619 417 1650 Mortuus
441 1619 554 1650 allatus

319 1664 491 1696 infantulus
517 1668 564 1696 est
588 1666 755 1698 relevatus,

987 470 1042 492 rex
1066 461 1165 500 magis
1189 459 1338 496 minatur,

938 508 1040 539 Tanto
1065 506 1144 538 fides
1168 506 1297 546 publica

987 554 1086 593 magis
1111 552 1278 585 solidatur.

907 643 914 650 .
941 619 1023 650 Dum
1046 617 1180 658 flagellis
1206 618 1359 659 caeditur,

984 665 1090 697 mitius
1119 665 1256 704 oboedit,

939 713 1007 744 Nec
1030 712 1122 743 minis
1146 720 1205 743 nec
1229 711 1364 749 verberi,

987 759 1043 790 sed
1068 768 1128 790 nec
1150 759 1244 790 morti
1270 759 1364 790 cedit.

909 849 915 856 .
943 825 999 856 Pie
1024 827 1133 863 pastor
1153 824 1298 865 Procule,

986 872 1029 903 sis
1054 880 1172 903 memor
1196 873 1330 911 tuorum,

941 918 1057 957 Quibus
1087 918 1257 950 reconcilia

987 973 1092 1004 regem
1117 965 1323 996 saeculorum.

1053 1056 1098 1083 Ad
1116 1056 1298 1085 Benedictus.

904 1150 911 1158 .
942 1125 966 1157 O
992 1124 1045 1164 qui
1065 1126 1167 1163 primo
1193 1133 1304 1155 nomen
1331 1124 1450 1157 Christi

991 1171 1187 1203 Praedicasti
1212 1171 1382 1210 Bononiae,

943 1217 987 1248 Et
1008 1217 1118 1249 urbem
1142 1217 1197 1257 qui
1221 1217 1405 1249 convertisti

990 1264 1139 1295 Fundens
1162 1263 1280 1295 fluenta
1304 1264 1434 1306 gratiae,

944 1310 993 1342 Sis
1020 1310 1139 1341 cohorti
1165 1312 1299 1342 clemens
1324 1310 1380 1342 isti

989 1357 1034 1388 Et
1057 1366 1076 1388 a
1100 1358 1184 1398 regis
1206 1357 1349 1396 Justitiae

946 1403 1012 1435 Fac
1035 1412 1092 1434 nos
1119 1404 1238 1435 dextris
1264 1413 1357 1443 prece
1383 1405 1454 1435 sisti

996 1451 1183 1490 Summaque
1208 1449 1271 1481 frui
1296 1451 1414 1491 requie.

1011 1573 1056 1604 In
1081 1574 1113 1604 2.
1141 1571 1356 1612 Vesperis.

1066 1664 1111 1691 Ad
1128 1664 1305 1701 Mag-nificat.

877 1732 917 1762 A.
947 1732 1004 1764 Pie
1027 1735 1120 1772 pater
1145 1732 1292 1775 pretiose,

947 1778 1152 1810 Praedicator
1177 1779 1324 1819 gratiose,

947 1825 1042 1865 Virgo
1067 1829 1189 1865 martyr
1212 1826 1358 1866 gloriose,

946 1873 1134 1904 Declarator
1158 1872 1238 1911 legis
1264 1872 1394 1913 Christi,

948 1918 1067 1951 Urbem
1084 1919 1174 1958 hanc,
1194 1928 1286 1958 quam
1302 1920 1496 1961 convertisti,

947 1964 1109 1998 Defendas
1134 1975 1154 1997 a
1179 1975 1253 1997 casu
1277 1968 1372 2006 tristi,

949 2012 1005 2044 Cui
1029 2021 1148 2052 pacem,
1176 2014 1249 2053 dux,
1275 2014 1421 2053 implora,

947 2059 997 2090 Tu
1020 2060 1167 2099 proprius
1188 2063 1298 2099 pastor
1322 2069 1387 2098 ora,

947 2105 1073 2145 Fugans
1099 2107 1221 2138 hostem
1245 2107 1355 2138 mortis
1381 2107 1470 2142 hora.

368 1804 413 1836 In
436 1804 663 1838 LaudibuS.

415 1898 607 1934 Antiphonae.

223 1964 252 1997 1.
279 1964 431 1996 Proculus
455 1965 631 2003 praeconiis

324 2011 492 2042 extollatur
518 2011 630 2051 dignis,

277 2057 464 2096 Divulgator
487 2057 563 2089 fidei

325 2103 464 2143 prudens
489 2108 521 2136 et
541 2104 680 2144 insignis.

283 2179 366 2205 Brev.
386 2185 439 2204 ms.
461 2177 613 2205 Coelestin.
633 2178 791 2205 Bononien.
816 2187 889 2206 saec.
912 2177 954 2206 15.
990 2179 1058 2207 Cod.
1075 2179 1210 2207 Univers.
1224 2180 1336 2207 Bonon.
1357 2178 1441 2208 2275.
1462 2197 1498 2201 -—

205 2217 247 2245 In
270 2214 294 2243 1.
314 2216 415 2251 Vesp.
437 2215 473 2242 ad
493 2216 592 2251 Magn.
614 2213 636 2241 Α
656 2213 687 2248 3,
708 2215 769 2242 Con
805 2217 951 2244 atulentur
970 2216 1086 2253 populo.
1105 2232 1142 2236 —
1160 2218 1202 2244 In
1222 2215 1249 2244 1.
1268 2218 1372 2246 Noct.
1392 2217 1415 2245 Α
1435 2218 1454 2247 4
1482 2220 1501 2249 2

208 2255 254 2281 vir
274 2255 398 2290 erganzt.
422 2268 453 2271 —
470 2251 490 2279 R
513 2252 528 2280 1
568 2253 706 2280 rosaisch.
726 2225 804 2279 -ῗ
819 2253 845 2288 2,
865 2252 884 2281 4
904 2256 996 2282 sancti
1014 2255 1073 2281 nix.
1094 2269 1129 2273 —
1145 2255 1186 2282 In
1205 2253 1231 2281 2.
1247 2256 1352 2284 Noct.
1370 2254 1391 2282 R
1410 2255 1425 2285 1
1442 2242 1502 2287 lind

207 2290 226 2319 4
246 2291 404 2328 prosaisch.
425 2306 460 2310 -
479 2292 521 2318 In
562 2311 567 2316 .
588 2291 686 2318 Noct.
708 2290 743 2317 ad
765 2291 845 2319 Cant.
867 2289 898 2324 Α,
919 2290 936 2319 5
956 2293 1021 2320 Duc
1040 2294 1070 2319 et
1087 2295 1195 2328 pastor.
1217 2307 1253 2312 —
1274 2291 1294 2320 R
1316 2293 1341 2329 2,
1362 2292 1380 2322 8
1403 2295 1501 2324 Credi-

208 2329 257 2356 dit.
278 2345 314 2348 —
337 2328 357 2356 R
376 2327 396 2356 4
412 2328 523 2357 keines.
544 2343 580 2347 —
599 2327 634 2356 In
652 2328 745 2356 Laud.
761 2326 783 2354 Α
806 2327 832 2363 3,
853 2328 870 2358 3
890 2330 1052 2365 publicans.
1072 2344 1109 2348 —
1125 2331 1167 2358 In
1186 2329 1212 2358 2.
1226 2331 1328 2369 Vesp.
1350 2333 1387 2361 ad
1400 2334 1498 2371 Magn.

209 2365 241 2401 Α,
261 2365 279 2395 8
298 2368 345 2395 Tu
363 2367 514 2403 propitius.
538 2381 570 2386 -
593 2367 649 2394 Die
668 2366 807 2403 Hymuen
823 2368 881 2405 vgl.
903 2366 989 2395 Anal.
1012 2368 1107 2401 XXII,
1127 2366 1185 2396 224
1206 2377 1250 2405 sq.
