1652 2615
707 144 963 180 —148—

929 238 1087 281 Caeditur,
1116 240 1300 279 conspuitur

343 269 359 300 Ι
369 279 387 300 n
414 268 441 299 L
450 277 468 299 a
477 278 496 299 u
509 268 528 300 d
537 269 547 299 i
557 268 576 299 b
585 277 606 299 ¹1
615 277 639 300 S·
975 286 1077 324 alapis
1103 285 1241 318 afflictus
1252 300 1260 328 3

372 350 416 378 Ad
436 350 619 378 Benedictus.
929 332 953 364 Ο
978 333 1088 363 matris
1113 333 1285 375 angUStiae’

974 387 1043 409 cum
1068 379 1193 410 audiret
1216 379 1315 412 ictus!

189 419 229 448 A.
259 418 429 457 Tamquam
454 417 534 448 latro
561 418 684 456 eapitur
928 425 990 456 Pro
1015 424 1105 456 nobis
1129 425 1209 456 haee
1232 427 1372 458 tolerans
1400 438 1403 444 ·

301 465 439 503 undique
463 464 659 503 constrictuS,
975 471 1017 502 sit
1041 480 1098 503 rex
1122 471 1318 504 benedictus.

259 537 342 564 Brev.
372 545 423 564 ms.
451 537 636 563 Trebonense
661 545 735 564 saec.
766 534 807 564 15.
857 534 924 562 Cod.
951 535 1076 570 Pragen.
1103 535 1146 563 VI
1173 536 1197 563 F
1217 534 1261 564 20.
1283 537 1317 564 A.
1339 550 1372 554 —-
1394 537 1478 564 Brev.

183 574 331 601 Misnense
351 576 419 610 imp.
440 574 560 609 Lipsiae
576 572 655 601 1502.
678 575 709 602 B.
745 591 766 594 —
786 574 889 601 Diui-n.
910 573 1058 600 Misnense
1077 574 1145 607 imp.
1162 574 1283 610 Lipsiae
1298 571 1378 601 1511.
1396 574 1426 601 C.
1442 589 1478 594 —

188 612 270 638 Brev-
298 612 444 639 Mis-nense
476 613 544 647 imp.
570 612 688 646 Lipsiae
712 612 746 646 (‘?)
775 609 855 638 1517.
880 610 916 636 D.
946 624 982 628 —
1007 611 1091 637 Brev.
1118 611 1378 639 Halberstacliense
1408 613 1478 647 imp.

183 648 395 721 {gtiiplllss‘ffgae
427 646 508 676 1515.
537 649 572 676 Ε.
612 663 635 667 -
668 649 718 676 Atl
752 648 926 684 Complet.
959 648 995 674 ad
1024 648 1109 675 Nune
1137 649 1261 677 dimittis
1291 650 1342 676 hat
1374 649 1400 676 Ε
1431 650 1478 677 (lie

492 723 549 750 Per
568 724 680 751 Mariae
699 724 844 758 lacrimas,
864 725 946 758 pater
965 723 1095 758 pietatis,

493 761 584 788 Nobis
607 769 706 789 veram
726 763 850 797 gratiam
870 760 967 787 confer
988 768 1053 787 eum
1071 761 1175 788 beatis.

184 817 224 844 In
246 815 269 843 1.
291 817 394 844 Noet.
417 814 438 842 Α
461 814 486 849 2,
510 815 524 843 1
545 826 602 844 vox
621 818 654 844 A.
681 832 717 836 —
745 816 766 843 Α
787 815 813 850 2,
834 815 851 843 2
870 824 927 843 vox
946 816 980 843 A.
1001 830 1037 834 —
1064 814 1084 842 Β
1107 815 1121 844 1
1142 817 1202 844 und
1221 815 1239 845 3
1259 818 1419 854 prosaiseh.
1442 832 1477 837 -

186 852 206 879 Β
226 852 259 887 2,
282 852 316 880 12
344 856 387 881 sie
411 855 529 881 unicum
557 854 651 881 doluit
676 854 710 881 A.
738 870 775 874 —
801 855 842 882 In
866 851 892 879 2.
912 853 1012 881 Noct.
1041 851 1061 879 R
1085 853 1115 889 1,
1139 853 1152 882 1
1182 856 1254 882 Cum
1280 855 1362 882 videt
1382 855 1417 882 A.
1439 870 1476 874 ——

187 889 207 916 Β
228 889 254 924 2,
277 890 291 918 1
314 892 456 924 Quantam
476 891 569 918 dicam
584 891 618 919 E.
636 907 673 912 —
696 890 716 918 Β
737 890 763 925 2,
784 890 801 919 8
822 892 921 919 matris
936 893 1022 927 atque
1035 893 1097 918 nati
1112 893 1145 920 A.
1160 906 1196 910 —
1218 891 1238 918 Β
1259 891 1285 926 3,
1309 890 1323 919 1
1345 893 1368 920 O
1390 901 1476 928 quam

186 932 320 963 putamus
339 928 374 955 E.
397 943 431 948 -υ-
457 929 498 955 In
517 926 543 956 3.
563 930 662 957 Noet.
686 928 705 955 Β
729 928 753 963 1,
774 927 790 956 6
810 929 914 964 plagae
934 930 964 955 et
981 928 1017 955 A.
1037 943 1074 947 —
1096 928 1115 955 Β
1136 928 1162 963 2,
1185 929 1199 957 1
1219 931 1333 967 Regina
1353 930 1475 958 elemen-

185 967 299 992 tissima
317 966 350 992 A.
372 981 407 985 —
430 963 449 991 Β
471 964 497 1000 2,
518 965 534 993 9
558 968 660 994 aeriter
680 967 752 994 fehlt
770 967 803 994 A.
827 981 863 986 —
882 965 932 992 Ad
951 966 1101 993 Laudes.
1142 966 1300 995 Samtliche
1322 966 1369 993 ΑΑ
1390 976 1477 1004 super

184 1003 230 1030 Ps.
260 1004 423 1037 prosaiseh3
453 1003 557 1030 ebenso
585 1004 632 1031 die
651 1003 674 1030 Α
696 1004 731 1031 ad
750 1005 848 1040 Magn.
868 1004 900 1030 in
919 1003 969 1030 der
987 1005 1110 1031 zweiten
1128 1005 1247 1040 Vesper.
1269 1020 1304 1024 *—
1329 1006 1475 1040 Hymnen.

183 1040 218 1066 In
248 1039 270 1066 1.
291 1041 393 1076 Vespa
424 1040 486 1067 Ave
510 1043 590 1068 stans
610 1042 662 1069 sub
683 1050 766 1069 eruc-e
786 1040 882 1076 (Anal.
902 1040 953 1075 IV,
974 1039 1033 1076 56);
1061 1041 1097 1069 ad
1118 1041 1273 1078 Complet.:
1301 1043 1325 1070 O
1345 1044 1476 1078 gloriosa

183 1077 302 1104 domina
323 1077 417 1112 (Anal.
441 1077 491 1110 IV,
512 1077 567 1113 57).

600 1177 648 1207 47.
680 1177 723 1208 De
743 1176 955 1217 Gompassione
975 1178 1061 1209 BMV.

330 1246 375 1277 In
403 1245 432 1277 1.
460 1245 668 1283 Vesperis.
873 1248 903 1278 5.
929 1246 1020 1286 Mihi,
1048 1247 1148 1285 dolor,
1171 1248 1237 1286 jam
1263 1250 1396 1288 opponis

395 1318 420 1344 A
442 1317 463 1343 t.
486 1317 506 1343 h
929 1292 1035 1324 Verba
1057 1294 1115 1325 illa
1139 1294 1293 1326 Simeonis

339 1374 344 1380 ,
422 1325 441 1343 ¹²
456 1326 485 1352 Ψ
508 1325 588 1344 onae.
973 1339 1099 1379 Aspera
1120 1342 1297 1383 praesagio,

199 1374 228 1405 1·
257 1373 363 1405 ommS
387 1377 473 1405 aetas
499 1372 612 1427 defleaF
926 1386 998 1418 Jam
1022 1395 1076 1418 cor
1099 1396 1202 1419 meum
1226 1389 1420 1429 vulneratur,

303 1423 434 1451 mortem
459 1420 625 1472 salvatoris
926 1433 1041 1465 Anima
1064 1434 1341 1467 transverberatur

256 1466 420 1498 Gloriosae
443 1467 573 1506 ursinis
972 1480 1009 1511 In
1035 1480 1153 1512 doioris
1178 1482 1295 1522 gladio.

302 1515 469 1552 praetextu
495 1513 623 1547 doloris

198 1571 229 1601 2.
255 1569 344 1600 Haec
366 1572 414 1600 est
438 1569 491 1607 pia
514 1578 636 1608 pauper
661 1571 727 1611 illa,

255 1616 360 1647 Mater
385 1616 476 1647 simul
503 1618 534 1646 et
558 1617 681 1655 ancilla,

303 1663 402 1694 Plena
425 1664 529 1693 tamen
555 1664 666 1703 gratia,

251 1708 340 1740 Haeo
358 1712 415 1750 est⁷
435 1717 514 1748 quae
527 1709 583 1740 sub
599 1718 691 1741 cruce
703 1709 799 1750 flevit,

255 1755 319 1787 Sed
343 1755 426 1787 hune
450 1753 556 1786 fletum
581 1756 720 1788 abolevit

299 1802 369 1841 Tui,
397 1801 530 1840 Christe,
561 1804 661 1842 copia.

197 1860 227 1891 3.
255 1857 325 1890 Stat
346 1858 460 1897 Maria,
486 1861 586 1889 mater
611 1861 673 1899 pia,

298 1905 391 1937 Foris
417 1905 545 1943 plorans
571 1906 696 1947 acriter,
855 1927 884 1959 V

252 1951 369 1991 Regem
395 1952 502 1983 mundi
527 1951 690 1985 furibundi

299 1998 381 2029 Dum
406 2001 581 2030 tractarent
607 2000 721 2032 viliter.

855 1553 893 1586 R.
928 1554 1021 1593 Virgo
1048 1555 1299 1600 clementissima,

972 1601 1070 1641 virgo,
1096 1605 1197 1633 mater
1222 1604 1349 1643 Christi,

924 1646 1009 1678 Dum
1036 1648 1160 1680 videres
1184 1648 1284 1681 filium

973 1695 1052 1725 mori
1077 1704 1153 1727 nece
1177 1696 1272 1737 tristi,

927 1739 997 1771 Non
1022 1741 1086 1772 suis
1110 1743 1282 1775 tortoribus

973 1796 1086 1826 aspera
1110 1788 1208 1830 fuisti,

926 1833 989 1865 Sed
1013 1835 1165 1875 plangens
1191 1840 1223 1868 et
1246 1838 1413 1871 lacrimans

973 1883 1070 1912 temet
1093 1881 1247 1923 afflixisti,

886 1951 894 1959 .
924 1927 1038 1959 Manus
1063 1931 1210 1969 torquens
1236 1932 1352 1963 aeriter

972 1975 1064 2006 anxia
1088 1974 1213 2017 flevisti,

925 2020 990 2061 Nil,
1017 2023 1100 2061 quod
1126 2027 1210 2056 esset
1233 2025 1412 2066 reprobum,

195 2056 225 2087 4-
251 2054 348 2092 Quam
372 2056 516 2107 nutamus
535 2101 566 2107 ..
971 2068 1102 2101 ‚iudaeis
1128 2071 1247 2104 dixisti.

298 2103 407 2132 matris
432 2102 630 2142 maestitiam,

254 2147 329 2180 Cum
353 2148 478 2180 videret

298 2195 398 2234 prolis
423 2194 621 2235 angustiam?
1035 2181 1080 2208 Ad
1100 2183 1284 2219 Magnificat.

252 2241 324 2273 Non
350 2245 398 2273 est
423 2242 513 2273 dolor
854 2246 895 2280 A.
926 2246 1023 2287 Virgo
1048 2256 1144 2287 passa
1167 2248 1232 2282 filio

298 2291 333 2320 ut
356 2288 466 2321 matris
490 2288 629 2330 virginiS,
973 2294 1110 2326 Poenam
1135 2297 1240 2329 cordis
1263 2299 1393 2341 indicat,

251 2337 388 2368 Mortem
412 2334 516 2368 flentis
926 2341 967 2373 Se
992 2341 1095 2380 plebis
1120 2342 1153 2374 in
1178 2346 1281 2378 medio

296 2383 356 2415 Dei
383 2386 414 2415 et
435 2383 578 2416 hominis.
972 2388 1090 2421 Contra
1113 2399 1230 2423 morem
1255 2394 1408 2437 publicat,
