1652 2615
169 1522 207 1554 V.

680 139 938 174 —188—

238 240 290 271 Ad
314 238 397 271 festa
421 238 564 269 dominae

286 287 423 326 psalmos
449 285 575 315 cantare
600 281 713 322 venite,

238 333 364 364 Laudes
388 333 525 368 narrate,

282 377 339 410 sub
365 386 403 408 ea
425 377 508 408 bona
530 377 633 406 mente
657 374 778 404 vacate.

242 433 375 470 Christe,
400 432 462 462 tuis
486 429 575 462 donis

850 295 880 328 1.

1051 229 1256 263 Responsoria.

907 295 995 335 Quod
1023 296 1159 326 calamus
1184 292 1309 325 scribae

953 342 1082 380 scripsit
1108 341 1146 371 de
1170 337 1347 378 pneumatis
1373 342 1439 373 ore,

906 388 1045 427 Virginis
1066 388 1101 417 in
1126 386 1244 424 gremio

954 433 1128 472 completur
1152 434 1294 470 tempore
1317 435 1418 468 sacro,

282 486 445 510 memores
454 475 542 508 Raab
557 473 778 513 etBabylonis,
835 481 874 512 v,
904 480 1020 511 Natum
1046 477 1170 518 quando
1197 475 1296 515 dedit,

236 525 362 558 Obsidis
384 526 449 554 esto
473 530 602 561 memor,

283 571 352 602 vult
377 570 505 608 virginis
531 569 609 599 haee
626 566 698 607 quia
717 566 779 597 cla-

555 623 632 645 mor.

373 706 576 742 Responsoria.

204 792 210 799 .
235 765 320 797 Sicut
345 764 399 796 nix
423 773 496 795 rara

284 811 340 842 sub
371 819 469 850 parvo
494 810 627 849 grandia
652 808 780 849 claudit,

236 857 361 889 Nobilis
385 856 501 887 aneilla

289 903 444 935 dominam
468 911 503 933 se
527 901 656 932 caelitus
681 900 778 942 audit,

235 950 366 981 Exaltat
388 949 540 980 Dominus

284 996 426 1033 humileS,
453 997 541 1025 extra
562 992 642 1032 ,iacit
665 992 757 1024 altos,

238 1051 350 1082 Albuit
371 1050 405 1081 in
430 1051 502 1090 vita,

285 1099 357 1136 quia
381 1097 468 1135 virgo
493 1097 559 1126 tota
582 1094 708 1134 pudica,

242 1144 336 1175 Casta
359 1142 505 1182 gignante

288 1190 375 1228 virgo
399 1191 473 1226 post
495 1186 609 1218 mansit
632 1188 662 1216 et
682 1187 763 1223 ante,

200 1261 206 1268 .
235 1235 287 1266 Sic
311 1234 418 1274 voluit,
446 1233 559 1271 decuit,

285 1282 331 1311 sic
350 1281 433 1311 bona
458 1281 567 1310 cuncta
593 1278 690 1310 dedit.

237 1336 321 1367 Fuso
346 1335 399 1367 nix
424 1336 497 1374 igne

286 1381 396 1414 diffusa
420 1382 548 1420 repente
571 1380 720 1418 liquatur,

240 1428 292 1459 Sic
315 1427 417 1467 precis
443 1430 474 1458 et
496 1426 608 1465 dignae

284 1483 346 1505 vox
369 1472 505 1505 fructum
531 1472 764 1510 concomitatur,

239 1519 403 1559 Supplicat
425 1520 550 1551 assidue

286 1570 391 1597 natum
416 1566 488 1604 quia
512 1565 598 1595 clara
618 1563 733 1595 Maria.

303 1705 347 1735 ln
372 1704 403 1735 3.
429 1703 659 1737 Nocturno.

380 1776 572 1812 Antiphonae.

206 1860 211 1865 .
240 1834 346 1866 Omnis
371 1836 456 1864 terra
482 1833 548 1864 Deo

288 1880 422 1912 Domino
443 1889 524 1911 nova
541 1880 664 1910 cantica
681 1881 785 1910 cantet

240 1927 380 1967 Virginis
406 1926 559 1966 exemplo,

287 1974 360 2013 quia
369 1973 434 2012 jam
447 1981 542 2011 super
552 1972 655 2003 omnia
664 1973 783 2010 regnat.

241 2029 270 2059 A
295 2027 376 2059 facie
400 2028 528 2059 Domini

286 2073 406 2106 fluxere
429 2075 517 2105 nives
542 2075 598 2106 sub
624 2081 729 2105 amore

238 2121 352 2153 Matris
378 2119 585 2159 christiferae,

292 2168 365 2207 quia
389 2167 470 2198 hanc
486 2167 533 2198 sio
548 2167 616 2198 vult
632 2166 786 2199 venerari.

208 2251 215 2258 .
240 2224 356 2255 Aestus
380 2223 413 2253 in
439 2224 559 2254 aestate

288 2270 452 2309 mirabilis,
483 2278 531 2307 en,
557 2269 630 2300 nive
654 2268 765 2308 templi

240 2317 435 2357 Principium
461 2314 591 2358 confert,

287 2373 344 2396 sua
378 2366 490 2395 cuncta
511 2363 663 2403 patricius
689 2361 787 2395 offert.

849 593 880 624 2.

852 889 881 920 3.

951 534 1009 556 nos
1040 528 1132 556 natus
1156 522 1281 562 quando
1307 518 1454 552 redemit.

906 591 984 623 Post
1009 597 1155 622 cancrum
1180 588 1255 619 solis

953 637 1024 667 dum
1051 635 1187 668 volvitur
1210 641 1324 666 aureus
1350 631 1429 670 axis,

906 685 972 716 Dat
993 683 1081 715 Deus
1104 689 1142 713 ex
1165 688 1255 712 more

956 733 1060 760 castae
1075 728 1185 760 matris
1210 726 1267 758 sub
1292 725 1422 758 honore,

838 776 876 808 V.
908 775 1024 808 Nobile
1046 774 1239 815 figmentum,

953 820 1092 853 formans
1125 820 1200 852 nive
1220 819 1456 851 lineamentum.

910 888 933 920 O
958 889 1060 918 mater
1085 885 1213 925 Christi,

956 942 1035 972 quae
1055 932 1188 972 patricio
1213 929 1362 971 tribuisti,

908 981 955 1013 Ut
979 989 1035 1010 sua
1060 980 1173 1011 devota

955 1028 1062 1065 posset
1085 1024 1267 1064 persolvere
1290 1024 1373 1062 vota,

907 1072 1099 1112 Suppliciter
1117 1071 1229 1109 rogita,

957 1118 1061 1158 plebis
1084 1117 1196 1148 inclita
1218 1116 1307 1153 virgo
1330 1112 1446 1145 Maria.

1000 1257 1048 1288 In
1074 1255 1298 1288 Laudibus.

1056 1337 1249 1372 Antiphcnae.

879 1430 885 1438 .
910 1405 1074 1438 Laudibus
1098 1404 1231 1434 excelsis

960 1455 1092 1482 matrem
1112 1450 1239 1481 Domini
1263 1455 1458 1486 veneremur,

912 1498 1071 1536 Turpibus
1097 1497 1222 1535 evulsis,

957 1544 1038 1574 sicut
1052 1544 1154 1583 decet,
1166 1543 1241 1573 huic
1252 1541 1459 1573 modulemur.

908 1610 1018 1650 Roma,
1044 1611 1132 1639 tuum
1157 1606 1274 1638 festum

960 1655 1080 1686 recoles
1104 1654 1238 1686 Domino
1263 1652 1429 1692 placitura,

911 1702 971 1741 Qui
993 1702 1076 1733 nivis
1099 1704 1238 1739 egestum

961 1748 1115 1787 produxit
1138 1749 1219 1778 teste
1243 1744 1354 1785 figura.

912 1814 954 1846 Os
978 1815 1067 1851 patet
1090 1811 1285 1844 obstructum

964 1859 1003 1890 de
1027 1859 1150 1898 virgine
1179 1861 1273 1897 turpe
1293 1857 1461 1897 loquentis,

912 1905 1065 1948 Virginis,
1094 1914 1142 1943 en,
1168 1903 1306 1936 fructum

961 1952 1051 1983 videt
1062 1951 1202 1990 undique
1213 1954 1301 1982 terra
1314 1950 1462 1991 regentis,

884 2043 891 2050 .
919 2018 993 2058 Nix,
1020 2016 1151 2057 grando,
1177 2017 1302 2057 glacies,

961 2063 1096 2096 Domino
1121 2063 1310 2102 benedicite,
1337 2062 1451 2103 fontes,

915 2110 1034 2142 Cuncta
1058 2118 1153 2149 super
1178 2110 1284 2141 sidera

962 2156 1198 2195 superexaltata
1219 2156 1334 2188 Maria.

913 2222 988 2263 Nix,
1017 2219 1120 2261 frigus
1146 2224 1178 2252 et
1202 2223 1304 2262 gelua,

962 2268 1093 2300 laudate
1108 2267 1220 2308 Deum,
1246 2269 1328 2301 bona
1342 2273 1464 2311 cuncta,

914 2315 971 2348 Cui
995 2315 1090 2348 matri
1113 2315 1204 2347 niveo

963 2362 1115 2401 templum
1136 2362 1256 2401 placuit
1275 2363 1352 2395 dare
1370 2364 1466 2399 circo.
