1652 2615
656 134 909 168 —114—

233 228 399 260 Elisabeth
424 227 574 260 salutavit

285 275 377 306 Vocis
403 283 471 305 cum
498 274 646 316 tripudio,

236 320 329 360 Cujus
353 329 433 361 puer
458 322 568 390 ventrDe
594 321 714 351 clausus

957 228 1035 259 Mox
1059 229 1170 266 plenus
1193 231 1302 260 saneto
1327 228 1441 268 spiritu

910 273 1075 307 Mirabiles
1100 276 1197 313 gessit
1221 276 1348 313 plausus

956 319 1004 351 De
1029 321 1140 351 summi
1165 322 1247 359 regis
1272 322 1370 353 aditu.

240 388 308 416 Cod.
328 388 501 423 Raigraden.
522 401 570 406 ——
595 387 610 413 1
631 392 653 415 N
674 385 692 414 3
713 394 787 413 saec.
810 385 852 413 15.
874 400 909 404 —
923 387 964 413 In
987 385 1010 413 1.
1025 387 1126 414 Noet.
1141 385 1162 412 R
1182 384 1208 419 3,
1231 386 1247 414 9
1268 388 1397 416 credidit.
1419 401 1453 406 —-

536 411 564 437 K

162 448 202 475 In
228 445 253 474 3.
281 448 308 475 N
315 450 378 475 oet.
405 446 426 473 Α
455 445 486 481 2,
517 444 534 475 3
564 447 684 480 spiritus
710 447 835 473 sanctus.
863 459 898 463 ——
926 446 1009 473 Naeh
1035 446 1099 472 dem
1124 447 1245 474 zweiten
1267 445 1287 472 R
1313 447 1387 482 folgt
1412 447 1456 473 als

162 485 275 511 stritus:
303 485 326 512 O
347 484 495 520 praeelara
516 483 602 512 stella
623 483 711 510 maris
737 491 789 509 aus
810 483 874 510 dem
896 482 1028 509 Officium
1046 483 1173 510 Eastons
1196 484 1255 510 und
1274 484 1391 511 hierauf
1407 484 1456 510 der

161 522 285 556 Tropus:
314 523 408 549 Mater
427 521 535 548 Christi
561 519 726 547 veneranda
750 528 801 546 aus
827 520 889 547 dem
912 519 1043 547 Officium
1062 520 1219 548 Jensteins.
1246 536 1284 540 —-
1303 522 1454 556 Hymnen:

162 559 198 585 In
224 557 248 584 1.
269 559 370 594 Vesp:
397 558 522 594 Magnae
549 558 609 585 dies
631 558 761 585 laetitiae
783 557 878 590 (Moue
899 558 942 590 11,
965 556 1042 591 114),
1069 557 1105 584 ad
1125 558 1280 592 Complet:
1308 559 1456 593 Hymnum

164 596 285 623 festivae
304 596 415 630 gloriae
433 594 530 630 (Mone
549 595 588 628 11,
610 593 689 631 118);
712 594 748 621 ad
762 595 861 622 Noct.:
882 595 998 630 Lingua
1017 597 1127 630 pangat
1144 594 1241 624 (Mone
1260 596 1298 629 II,
1322 592 1399 630 120);
1420 596 1457 622 ad

164 632 271 660 Laud:
292 633 370 661 Hine
390 634 519 669 exsurgit
540 634 569 659 et
589 632 723 669 assurgit,
748 634 796 659 ein
814 632 880 660 Teil
900 632 950 659 des
970 633 1099 668 vorigen.

591 722 637 753 36.
667 723 709 753 De
729 721 914 754 Visitatione
936 722 1023 754 BlllV.

303 792 349 823 In
377 791 406 822 1.
432 791 646 831 Vesperis.

377 873 568 909 Antiphonae.

179 942 209 973 1.
236 940 388 972 Sacerdos
414 949 512 972 novae
536 941 657 979 gratiae

235 986 278 1017 Et
301 995 357 1018 rex
382 989 528 1018 aeternae
551 987 679 1028 gloriae,

282 1032 415 1072 Superni
443 1034 543 1071 patris
567 1036 668 1073 natus,

238 1078 419 1110 Sanctorum
445 1079 476 1110 in
501 1079 721 1118 splendoribus

237 1125 286 1156 Ex
313 1125 442 1164 virginis
469 1125 637 1157 visceribus

284 1171 344 1203 Est,
368 1171 458 1202 nobis
483 1172 671 1203 incarnatus.

180 1236 211 1266 2.
240 1236 264 1267 O
291 1235 454 1274 praeclara
478 1236 651 1279 virginitas,

237 1281 329 1320 Eece,
356 1285 410 1312 tua
429 1283 579 1313 sterilitas

283 1328 414 1359 Deletur
443 1337 500 1367 per
523 1328 668 1368 Mariam,

238 1374 299 1413 En,
324 1374 440 1405 multae
464 1374 561 1413 prolis
586 1374 700 1408 fertilis

237 1419 290 1451 Fit
315 1421 401 1460 virgo
426 1424 526 1452 mater
549 1421 685 1461 humilis,

284 1468 364 1497 Dum
390 1471 520 1507 generat
543 1468 700 1500 Messiam.

182 1534 211 1564 3.
238 1531 308 1563 Eva
331 1539 465 1571 peccans
487 1532 655 1564 viventium

284 1579 321 1610 In
346 1579 406 1609 hae
429 1579 511 1609 valle
533 1579 677 1611 miseriae

329 1624 384 1655 Fit
406 1627 505 1656 mater
530 1625 722 1668 miserorum,

239 1670 301 1702 Sed
324 1676 367 1710 tu,
393 1670 506 1711 Maria,
533 1673 679 1712 omnium,

284 1717 343 1755 Qui
365 1717 474 1748 vivent
496 1719 562 1749 vita
586 1719 713 1760 gloriae,

330 1764 374 1795 Es
399 1767 499 1795 mater
523 1765 753 1800 salvandorum.

181 1831 211 1861 4.
235 1828 323 1859 Evae
351 1829 434 1860 salus
459 1830 662 1869 promittitur,

284 1875 374 1913 Quod
398 1876 509 1907 mulier
532 1876 589 1907 sub
614 1878 747 1916 pedibus

331 1923 428 1954 Terat
451 1926 543 1962 caput
568 1923 733 1963 serpentis,

241 1967 276 1997 In
303 1970 343 2007 te,
371 1968 467 2008 virgo,
492 1968 654 2008 perficitur

285 2014 384 2052 Istud,
411 2014 508 2046 hostis
535 2016 606 2046 dum
621 2014 784 2048 fraudibus

334 2060 503 2092 Resistitur
529 2060 671 2095 furentis.

182 2126 214 2157 5.
239 2123 320 2156 Dum
347 2124 476 2157 Gabriel
497 2127 661 2158 annuntiat

285 2171 328 2203 Et
349 2171 436 2211 virgo
461 2171 555 2205 fidem
579 2177 708 2213 reserat,

333 2219 421 2250 Tunc
445 2219 574 2252 verbum
593 2220 785 2264 incarnatur,

240 2264 338 2297 Laeta
360 2267 461 2297 mater
488 2266 649 2306 tripudiat,

288 2313 337 2344 Ad
362 2311 526 2344 Elisabeth
549 2317 700 2353 properat

335 2359 377 2392 Ut
403 2368 469 2391 cum
495 2361 565 2402 ipsa
588 2360 743 2400 loquatur.

1028 790 1073 817 Ad
1093 790 1270 827 Magnificat.

835 848 874 879 A.
904 847 928 879 Ο
961 851 1062 879 mater
1086 849 1185 880 omnis
1210 848 1340 888 gratiae,

905 893 1020 933 Maria,
1045 902 1118 933 spes
1142 895 1292 934 laetitiae,

953 939 990 971 In
1017 945 1070 971 tua
1092 941 1274 981 praesentia

999 987 1120 1018 Tristes
1144 988 1361 1025 consolantur3

907 1032 1076 1072 Cognatam
1102 1034 1174 1066 dum
1201 1034 1320 1075 visitas,

907 1079 998 1110 Hane
1025 1080 1141 1112 lustrat
1163 1089 1247 1111 nova
1269 1081 1407 1120 claritas,

954 1126 1075 1165 Deique
1097 1127 1249 1167 mysteria

1000 1172 1067 1205 Sibi
1096 1174 1286 1206 revelantur.

909 1218 1008 1250 Laeta
1031 1218 1135 1250 Deum
1158 1219 1340 1259 magnificas

910 1264 1016 1304 Teque
1039 1267 1184 1297 ancillam
1211 1267 1346 1305 replicas

956 1310 1113 1343 Christum
1138 1321 1248 1344 novem
1273 1313 1432 1345 mensibus

1002 1359 1037 1389 In
1064 1362 1172 1390 ventre
1194 1361 1360 1399 portando,

909 1403 975 1435 Nos
998 1402 1132 1436 afflictos
1157 1405 1251 1437 visita

908 1449 951 1481 Et,
975 1453 1112 1483 mortuos
1137 1452 1289 1483 resuscita

955 1496 1102 1529 Sanctum
1127 1497 1238 1530 flamen
1264 1498 1420 1530 mentibus

1002 1542 1126 1576 Nost-ris
1150 1545 1347 1583 inspirandO.

971 1665 1030 1697 Ad
1056 1664 1320 1698 Matutinum.

1043 1747 1266 1775 Inivitatorium.

908 1813 1014 1845 Mater
1037 1813 1108 1853 Dei,
1132 1824 1188 1846 nos
1215 1815 1306 1847 visita

956 1860 1072 1891 Delens
1096 1864 1237 1893 nostrum
1262 1866 1394 1904 reatum,

910 1906 975 1937 Nos
997 1906 1038 1938 ad
1063 1908 1261 1945 psallendum
1287 1911 1390 1942 excita

959 1953 1135 1985 Ostendens
1161 1960 1245 1986 tuum
1271 1960 1387 1989 natum.

975 2075 1020 2105 In
1047 2074 1076 2108 1.
1103 2075 1327 2111 Nocturno.

1059 2157 1252 2195 Antiphonae.

879 2247 885 2254 .
910 2223 962 2254 Ex
987 2232 1042 2255 ore
1063 2228 1190 2257 sanctae
1215 2225 1349 2260 feminae

955 2270 1078 2302 Mariae
1100 2272 1168 2303 laus
1192 2276 1331 2315 ornatur,

911 2316 1002 2348 Hanc
1026 2326 1083 2357 pro
1110 2318 1214 2351 divino
1238 2323 1378 2360 germine

957 2363 1161 2399 Benedictam
1185 2369 1328 2402 testatur.
