1652 2615
733 164 988 198 -170—

294 261 378 300 Quae
399 262 463 301 jam
486 259 579 290 valde
603 259 778 298 gratularis,

293 309 372 346 Quia
395 309 501 339 natum
527 305 718 345 conspicaris

291 355 340 386 De
367 354 473 386 dolore
498 353 633 384 evasisse

289 401 334 433 Et
361 410 379 432 a
403 401 502 431 morte
526 399 707 431 surrexisse.

408 492 469 524 Ad
493 491 636 523 Horas.

424 564 470 591 Ad
488 564 623 591 Primam.

220 627 258 656 A.
288 625 360 657 Jam
385 624 493 655 exorto
515 621 594 652 lueis
619 622 685 652 sole

288 671 483 702 Adulescens
506 668 596 699 albae
618 668 718 699 stolae

288 717 393 748 Jesum
418 715 522 746 vivum
546 717 749 754 protestatur,

288 763 367 795 Inde
391 764 490 793 mater
512 762 712 800 J'ueundatur.

422 835 468 862 Ad
489 836 625 862 Tertiam.

220 894 259 924 A.
292 894 410 933 Gaude,
437 892 534 932 virgo,
560 893 615 923 lux
640 892 806 931 caelorum,

289 940 394 971 Mater
417 939 499 978 regis
524 939 713 978 angelorum,

291 987 358 1018 Ista
383 987 434 1018 die
457 985 605 1016 revivixit

291 1034 376 1065 Tuus
399 1035 500 1071 natus,
527 1032 606 1064 siout
634 1032 722 1065 dixit.

430 1106 475 1132 Ad
494 1105 617 1132 Sextam.

220 1165 259 1195 A.
290 1164 347 1202 Qui
371 1171 429 1202 pro
453 1162 543 1193 nobis
568 1162 640 1192 tulit
664 1170 732 1192 esse

289 1210 390 1241 Natus
413 1211 495 1247 tuus,
520 1208 609 1247 virga
633 1208 731 1246 Jesse,

291 1257 362 1289 Jam
386 1255 503 1295 potitus
527 1263 639 1293 magna
662 1255 756 1286 laude

292 1302 484 1342 Resurrexst,
515 1309 587 1340 ergo
609 1301 719 1340 gaude.

1105 276 1151 303 Ad
1171 277 1293 304 Nonam.

890 343 929 374 A.
961 343 1099 374 Mortem
1123 343 1199 374 vicit
1222 343 1254 373 in
1279 343 1342 374 hac
1365 343 1446 381 luce,

960 390 1017 428 Qui
1044 391 1173 421 necatus
1199 392 1247 419 est
1269 389 1302 419 in
1328 397 1428 430 eruce,

960 436 1079 477 Tuque,
1104 437 1215 475 mater,
1241 435 1421 471 tristabare,

963 482 1057 522 Virgo
1082 482 1191 523 mater,
1218 489 1301 511 nune
1326 482 1455 513 laetare.

1019 622 1064 653 In
1090 622 1121 652 2.
1148 621 1367 659 vesperis.

1077 713 1121 740 Ad
1141 712 1318 748 Magnificat.

889 791 928 823 A.
956 790 1028 822 Jam
1052 798 1085 820 se
1110 789 1176 820 sole
1199 789 1381 829 inclinante,

958 837 1020 869 Die
1042 844 1163 875 quoque
1187 839 1375 876 vesperante

959 883 1059 915 Natus
1085 885 1165 920 tuus,
1192 882 1280 921 virgo
1305 882 1367 925 pia,

959 929 999 961 Se
1026 928 1145 961 duobus
1167 929 1231 967 jam
1253 929 1286 959 in
1311 930 1363 960 via

960 975 1152 1008 Ostendebat
1178 976 1361 1018 surrexisse,

961 1023 1019 1062 Qui
1043 1022 1214 1054 tardabant
1239 1023 1430 1064 credidisse3

960 1070 1065 1101 Primo
1088 1069 1191 1108 ipsum
1215 1073 1435 1110 cognoverunt,

959 1116 1041 1147 Dum
1062 1115 1103 1147 ad
1128 1123 1265 1147 mensam
1296 1121 1505 1157 accesserunt,

958 1162 1011 1194 Sic
1035 1165 1068 1193 et
1088 1162 1188 1201 nobis,
1216 1162 1314 1201 virgo,
1343 1163 1433 1202 dona,

958 1208 1004 1241 Ut
1028 1211 1154 1248 agentes
1177 1208 1251 1239 istie
1275 1209 1357 1240 bona

958 1255 1147 1293 Mereamm,
1174 1256 1314 1294 quamvis
1340 1257 1395 1295 rei,

961 1301 1137 1334 Consedere
1159 1310 1286 1333 mensae
1310 1302 1380 1335 Dei.

296 1375 363 1402 Cod.
384 1375 520 1402 Graeoen.
540 1372 604 1401 257.
631 1382 698 1401 mec.
722 1373 764 1401 15.
779 1388 814 1392 -
837 1374 986 1410 „Officium
1007 1375 1043 1402 de
1062 1376 1179 1402 domina
1197 1378 1304 1409 nostra,
1337 1376 1370 1403 de
1391 1378 1497 1412 gaudio

221 1414 322 1447 ipsius,
344 1411 420 1448 quod
440 1412 544 1438 habuit
562 1413 594 1438 in
614 1413 823 1439 resurreetione
847 1413 887 1439 sui
905 1410 986 1440 filii.“

676 1530 720 1561 56.
749 1531 792 1561 De
814 1530 937 1562 Gaudiis
956 1531 1041 1563 BMV.

359 1619 404 1650 In
431 1618 461 1650 1.
487 1618 699 1656 Vesperis.

403 1699 495 1735 Super
513 1701 653 1728 Psalmos.

222 1769 261 1800 A.
293 1768 412 1810 Gaude,
438 1770 539 1798 mater
563 1767 698 1811 Domini,

339 1815 427 1854 virgo
452 1814 628 1854 singularis,

292 1862 363 1894 Jam
389 1860 532 1892 aseendit
555 1860 637 1892 filius

336 1911 407 1939 tuus
428 1907 585 1947 salutaris,

292 1954 391 1986 Nobis
417 1954 479 1985 tuis
504 1952 629 1985 famulis

337 2002 412 2032 hino
435 2000 624 2033 miserearis.

407 2101 452 2128 Ad
470 2101 646 2137 Magnificat.

222 2172 261 2204 A.
290 2170 398 2210 Virgo,
424 2170 494 2199 tuus
518 2167 601 2200 filius

340 2215 483 2248 ascendit
505 2216 539 2247 in
562 2216 654 2255 nube,

292 2263 475 2296 Jubilabant
501 2263 620 2294 cithara

338 2310 428 2351 quasi
450 2318 527 2341 voce
549 2310 655 2350 tubae,

292 2360 382 2391 Intra
405 2357 525 2390 caelum
548 2357 654 2390 valide

336 2406 399 2445 ipsi
424 2405 645 2445 congaude-tur,

960 1610 1040 1642 Nam
1067 1610 1183 1643 excelsi
1206 1608 1289 1642 filius

1010 1657 1056 1688 ibi
1079 1665 1162 1688 nune
1186 1657 1312 1688 videtur

961 1704 1000 1735 In
1022 1707 1156 1744 paterna
1179 1704 1289 1744 gloria,

1009 1751 1051 1782 ad
1076 1758 1166 1790 quem
1190 1751 1300 1782 matris
1323 1753 1433 1795 sedes,

962 1797 1058 1829 Juxta
1082 1797 1179 1828 solem
1204 1796 1327 1837 fulgida

1008 1845 1102 1875 stella
1124 1844 1226 1875 lucem
1249 1845 1396 1885 praebes.

962 1891 1030 1922 Tua
1053 1890 1299 1931 pulchritudine,

1008 1938 1107 1976 prolis
1134 1937 1251 1968 deitate

961 1984 1133 2015 Exsultant
1157 1985 1323 2017 caelicolae

1008 2031 1039 2062 in
1065 2031 1262 2071 aeternitate,

961 2077 1055 2109 Unde
1078 2081 1111 2109 te
1132 2079 1328 2119 suppliciter,

1008 2125 1106 2165 virgo,
1132 2124 1346 2170 imploramus,

961 2170 1044 2203 Nato
1068 2179 1125 2202 nos
1151 2172 1292 2216 concilia,

1007 2219 1079 2257 polo
1103 2221 1139 2249 ut
1163 2227 1326 2251 cernamus

961 2264 1006 2296 Et
1035 2274 1103 2297 cum
1126 2265 1196 2305 ipso
1220 2267 1342 2306 pariter

1009 2313 1043 2344 in
1066 2320 1177 2344 sereno
1204 2314 1289 2345 cultu

966 2358 1174 2392 Confi-namur
1198 2362 1311 2400 gaudio

1009 2416 1064 2441 suo
1090 2408 1176 2439 claro
1200 2409 1298 2443 vultu.
