1652 2615
211 240 244 271 3.
267 238 385 270 Dolore
409 236 558 268 sternitur

314 288 422 323 mater,
451 283 523 314 dum
547 282 687 321 respicit,

264 331 345 371 Heu,
370 330 519 369 sanguine
542 327 702 368 perfusum

311 381 425 415 natum,
453 384 542 415 quem
568 375 682 413 genuit.

397 506 599 539 Responsoria.

208 593 237 624 ].
263 593 391 631 Qualem
417 591 528 629 dicam,
557 591 691 627 domina,

310 647 452 678 poenam,
478 646 568 677 quam
593 636 703 674 tulisti,

264 684 418 717 Crucifixo
442 683 507 716 filio

310 731 433 771 quando
458 734 492 762 tu
519 731 642 763 dixisti:

266 778 339 809 Noli
364 786 414 809 me
438 778 608 816 superstite

311 826 394 856 solus
418 827 548 855 mortem
572 824 650 863 pati,

265 872 394 912 Quaeso,
418 869 475 902 fiat
499 870 608 902 similis

312 927 394 949 mors
420 918 528 948 matris
554 920 585 948 et
609 917 692 955 nati3

195 964 232 998 V.
264 964 336 997 Noli
364 974 413 995 me
436 964 622 1006 relinquere,

311 1011 395 1053 Jesu,
421 1009 467 1041 fili
490 1010 579 1052 bone,

265 1057 339 1098 Fac,
368 1060 403 1088 ut
425 1059 527 1087 tecum
551 1057 667 1088 moriar

311 1108 367 1135 tua
389 1104 543 1143 passione.

207 1190 237 1219 2.
265 1189 418 1220 Innocens
442 1188 532 1218 homo

312 1237 344 1265 et
367 1242 479 1273 expers
504 1234 642 1265 criminis

266 1281 401 1312 Moritur
421 1280 524 1318 justus

311 1328 455 1358 misertus
478 1327 622 1364 hominis,

267 1373 321 1405 Sui
345 1373 493 1405 maeroris

312 1429 368 1451 nos
393 1419 487 1451 simus
513 1420 636 1459 conscii,

265 1466 340 1498 Cum
365 1467 460 1497 simus
484 1475 577 1497 causa

313 1514 389 1544 tanti
418 1513 551 1551 suplicii.

199 1559 234 1592 V.
266 1559 359 1590 Dolet
382 1561 482 1590 mater
506 1568 575 1590 cum
599 1558 673 1597 filio,

265 1606 323 1645 Qui
348 1615 382 1637 se
407 1605 507 1636 crucis
530 1605 671 1644 patibulo

270 1652 365 1684 Dedit
389 1652 551 1684 tormentis
577 1653 697 1691 asperis

265 1699 369 1730 Vitam
394 1698 556 1731 reddendo
580 1697 713 1731 miseris

311 1834 430 1862 maesta
453 1833 554 1861 mater
578 1830 766 1870 adspiciens,

264 1876 443 1909 Lacrimata
466 1876 659 1909 incessanter

308 1932 431 1955 sacrum
455 1926 564 1962 pectus
588 1923 784 1962 percutiens;

270 1970 380 2001 Plures
400 1970 497 2001 movit
522 1970 562 2001 ad
590 1978 762 2002 maerorem

314 2025 369 2048 suo
394 2016 499 2055 rugitu
523 2018 681 2057 quaerqu,

265 2062 381 2094 Natum
406 2062 514 2094 videns
540 2067 734 2095 cruentatum

313 2112 433 2140 tensum
460 2110 561 2140 crucis
585 2111 737 2149 patibulo.

192 2156 232 2189 V.
261 2157 406 2188 Animam
430 2159 567 2187 maestae
591 2157 730 2196 parentis

313 2206 387 2234 tunc
410 2204 615 2243 pertransivit
639 2203 749 2237 anxius

265 2251 361 2283 Juxta
385 2250 513 2282 verbum
539 2250 701 2289 Simeonis,

309 2298 380 2337 heu,
406 2297 562 2337 passionis
587 2298 720 2338 gladius

801 138 871 173 144

996 232 1042 263 In
1067 233 1097 264 3.
1124 231 1349 262 Nocturno.

1079 305 1273 339 Antiphonae.

879 362 908 394 i.
934 360 1030 400 Virgo
1056 369 1124 392 cum
1149 360 1330 399 adspiceret

874 754 904 785 3.

863 1395 901 1427 V.

209 1784 238 1815 3.
267 1783 422 1815 Ghn'stum
447 1783 480 1814 in
506 1792 597 1814 cruce
620 1783 807 1822 pendentem

865 1963 903 1996 V.

979 410 1087 438 natum
1110 408 1143 437 in
1170 414 1263 437 cruce
1286 405 1376 444 mori,

932 452 1046 485 Nullus
1072 453 1162 484 dolor
1185 451 1297 483 similis

981 501 1029 529 est
1051 507 1107 530 suo
1134 497 1245 530 dolori.

934 555 1054 594 Quaeso
1079 554 1170 585 nobis
1194 552 1327 590 miseris,

981 601 1137 640 virginum
1162 600 1280 640 regina,

934 649 1050 682 Tecum
1074 646 1172 679 fiendi
1195 646 1344 679 lacrimas

981 695 1092 726 uberes
1116 694 1262 735 propina.

930 752 1015 791 Quae
1036 751 1146 782 matris
1172 749 1333 789 angustias

979 800 1085 837 potest
1106 797 1212 837 lingua
1237 795 1310 835 fari,

933 844 1015 877 Dum
1041 844 1165 875 videret
1189 843 1286 875 filium

976 891 1008 922 in
1037 899 1129 922 cruce
1154 890 1301 923 ciavari?

1067 964 1271 1000 Responsoria.

935 1020 1010 1054 Cum
1038 1021 1078 1052 de
1103 1029 1194 1052 cruce
1218 1020 1340 1059 positus

980 1068 1021 1099 ad
1046 1068 1196 1099 tumulum
1222 1069 1378 1106 portatur,

933 1114 1022 1147 Inter
1048 1114 1172 1146 dolores
1196 1113 1307 1146 anxios

982 1163 1144 1200 portantes
1169 1161 1215 1192 sic
1239 1160 1372 1191 affatur:

936 1208 1094 1240 Sustinete
1117 1207 1288 1247 paululum,

982 1254 1120 1286 dolorem
1145 1262 1247 1285 meum
1273 1254 1418 1293 plangam

933 1300 977 1333 Et
1000 1309 1100 1332 meum
1127 1309 1232 1332 carum
1256 1300 1355 1332 filium

980 1347 1144 1379 deosculor
1169 1351 1201 1379 et
1222 1349 1361 1387 tangam.

928 1394 1009 1426 Mihi
1031 1403 1134 1425 meum
1154 1393 1252 1426 filium

978 1441 1163 1473 subtrahere
1186 1441 1294 1482 nolite,

933 1487 967 1520 Si
991 1488 1119 1527 sepeliri
1146 1488 1269 1527 debeat,

979 1542 1100 1565 mecum
1125 1534 1268 1574 sepelite.

902 1614 909 1621 .
935 1589 1011 1623 Cum
1036 1590 1169 1630 videret,

981 1637 1064 1675 quod
1090 1637 1194 1669 clauso
1219 1637 1338 1668 tumulo

936 1683 1118 1715 Privaretur

982 1733 1046 1761 tam
1072 1731 1156 1762 dulci
1181 1731 1319 1771 speculo,

935 1776 1132 1809 Praedilecto

982 1827 1068 1855 stans
1090 1833 1160 1856 cum
1186 1825 1340 1864 discipulo

937 1869 1039 1903 Corde
1061 1872 1168 1911 plorat

981 1918 1079 1957 magis
1105 1927 1196 1957 quam
1221 1919 1321 1951 oculo.

932 1963 1043 1997 Fletus
1066 1966 1166 1996 movit

981 2011 1119 2042 adstanti
1141 2012 1257 2052 populo

934 2057 1149 2090 Lacrimarum

981 2102 1097 2135 fluente
1119 2106 1232 2138 rivulo.

901 2184 909 2192 ‚
934 2158 1010 2190 Filii
1035 2162 1216 2199 praesentia

982 2209 1082 2238 mater
1108 2208 1259 2240 destituta

936 2252 1078 2285 Gabrieli
1102 2256 1211 2287 nuntio

980 2300 1026 2331 sic
1051 2303 1099 2332 est
1122 2302 1273 2335 allocuta:
