1652 2615
659 124 915 159 ——140—

153 227 185 257 4.
212 225 287 257 Jesu
310 224 401 265 bone,
428 221 606 262 consoleriS,

212 271 293 309 Quos
319 270 370 302 hie
394 270 484 309 virga
506 271 560 300 tua
585 266 671 308 feris,

211 317 311 349 Causa
333 316 443 348 matris
469 324 521 347 eos
547 323 631 352 cura,

209 363 355 402 Quamvis
381 363 467 401 <ligni
491 361 554 392 sint
579 368 720 391 censura.

825 222 856 252 5.
882 219 936 250 Sol
962 221 992 249 et
1014 219 1099 258 luna,
1125 219 1200 250 solis
1226 217 1350 249 stellam

884 265 1069 297 Collaudate
1094 266 1176 296 hane
1199 264 1348 303 puellam,

883 312 978 350 Cujus
1003 314 1094 343 natus
1119 320 1176 342 nos
1202 310 1329 351 creavit,

879 357 946 389 Nos
971 365 1081 389 cruore
1105 365 1161 387 suo
1185 357 1274 388 lavit.

214 445 281 472 Cocl.
306 445 442 472 Graeeen.
462 441 526 470 257.
551 449 625 469 saee.
647 438 691 467 15.
719 456 754 461 -—
780 441 822 468 111
849 439 873 466 1.
892 440 1001 473 Vesp.
1027 438 1065 466 ad
1090 438 1189 472 Magn.
1216 436 1254 470 A,
1283 435 1317 464 10
1345 436 1429 463 Com-

140 491 216 518 para.
243 497 281 502 —-
304 481 349 508 Ad
368 482 452 508 Nunc
475 480 598 506 dimittis
620 478 655 510 Α,
683 476 701 504 2
726 480 756 504 et
774 479 894 504 curavit.
915 491 951 495 —
971 476 1009 502 In
1031 473 1058 502 2.
1078 476 1179 502 Noet.
1202 472 1221 499 R
1244 473 1276 506 3,
1304 473 1318 500 1
1340 482 1383 509 sq.
1405 476 1436 501 in

140 521 226 547 novis
253 520 372 547 moritur
397 525 490 544 eruee.
514 531 549 536 -
577 516 617 543 In
635 514 660 544 3.
678 516 779 543 Noct.
801 513 822 540 Α
850 513 881 547 2,
907 511 924 541 3
945 513 1057 541 Nolunt
1076 513 1234 547 adspicere.
1255 525 1292 530 ——
1313 510 1335 537 Α
1357 510 1389 544 3,
1416 508 1434 539 3

140 558 227 585 lavet.
248 571 286 576 -—
305 556 343 583 In
363 555 474 582 Laud.
494 554 538 580 Ad
561 552 668 581 Bened.
690 551 724 587 Α,
752 551 768 580 6
788 554 879 588 pensi.
902 566 938 569 —
957 551 997 579 111
1018 549 1044 577 2.
1064 551 1166 585 Vesp.
1189 549 1226 576 ad
1244 550 1343 584 Magn.
1365 546 1397 582 Α,
1418 546 1435 575 6

140 595 295 629 reparavit.
314 606 351 613 —-
371 592 445 620 Ibid.
464 590 482 619 8
502 591 638 619 adolevit.

557 727 606 758 44.
638 725 681 757 De
701 725 912 765 compassione
932 725 1017 756 Bmv.

284 808 328 839 In
356 807 385 839 1.
413 805 622 844 Vesperis.

323 889 415 924 Super
434 888 574 915 Psalmos.

143 949 183 979 A.
215 946 389 986 Consurgat
412 945 507 976 hodie

258 992 391 1031 populus
411 989 516 1023 fidelis

213 1039 266 1070 Ad
290 1039 450 1077 planctum
476 1036 604 1076 virginis

261 1084 489 1124 compatientis,

212 1132 297 1170 Quae
320 1134 384 1162 stat
407 1139 464 1169 pro
488 1129 546 1161 filii

216 1178 341 1215 Proprii
364 1177 412 1207 sui
437 1179 537 1207 morte

259 1222 421 1254 fundendo
444 1222 591 1254 lacrimas
618 1221 747 1253 doloris.

217 1270 240 1302 Ο
266 1270 378 1310 Maria,
404 1269 535 1300 militiae

262 1316 405 1347 caelestis
430 1316 546 1356 regina,

213 1363 252 1394 In
277 1362 466 1400 adjutorium

262 1411 402 1440 nostrum
424 1409 494 1439 veni

218 1455 256 1486 111
279 1458 421 1494 tempore
445 1454 545 1485 omnis

265 1501 426 1541 angustiae
449 1503 585 1533 nostrae.

334 1583 379 1611 Ad
399 1582 575 1618 Magnificat.

147 1641 188 1673 A.
218 1640 312 1679 Virgo
337 1649 431 1679 passa
454 1638 519 1671 filio

266 1687 401 1719 Poenam
427 1686 530 1717 cordis
553 1685 676 1717 indicat

220 1733 264 1764 Et
288 1733 389 1772 plebis
413 1734 445 1764 in
470 1733 573 1764 medio

267 1779 403 1812 Tristem
429 1782 560 1811 mortem
585 1779 736 1819 publicat,

219 1827 358 1866 Urgente
385 1826 539 1866 supplicio

266 1874 367 1905 Voces
391 1875 525 1904 maestas
550 1872 692 1911 replicat,

218 1920 305 1958 Quae
329 1920 485 1959 quondam
507 1928 586 1959 prae
607 1919 721 1958 gaudio

268 1966 390 1999 Ceeinit
412 1964 605 2005 Magnificat.

284 2087 344 2118 Ad
367 2086 631 2120 Matutinum.

354 2160 566 2187 invitatorium.

221 2218 382 2250 Ploremus
407 2219 540 2249 mortem
560 2218 687 2249 Domini

269 2265 344 2297 Cum
370 2264 500 2305 virgine,

221 2313 267 2345 Ut
289 2312 385 2344 vitam
410 2313 477 2351 eius
500 2320 675 2344 mereamur

266 2359 460 2393 Preeamine.

950 804 993 836 111
1018 805 1048 837 1.
1074 804 1297 835 Nocturna

1029 877 1223 913 Antiphonae.

827 934 857 966 1.
884 933 921 965 In
946 934 1117 973 matutinis,
1145 933 1287 972 Domine,

930 980 976 1011 Te
1000 982 1128 1020 captum
1149 982 1250 1012 mater
1276 980 1372 1021 dolet,

884 1025 1044 1067 Terretur,
1070 1028 1178 1058 tremit
1201 1028 1304 1066 anxie,

931 1073 980 1104 De
1005 1082 1064 1113 quo
1089 1074 1228 1113 gaudere
1253 1074 1343 1106 solet.

851 1156 859 1162 .
884 1128 955 1160 Nox
982 1129 1064 1160 diem
1090 1130 1185 1170 capit,
1210 1129 1362 1162 tenebrae

931 1175 1047 1206 Lucem
1072 1176 1351 1216 comprehendunt,

887 1221 1039 1253 Crudeles
1062 1222 1149 1260 pium
1170 1223 1269 1261 impie

933 1268 1048 1299 Natum
1073 1269 1183 1300 matris
1208 1268 1379 1301 offendunt.

853 1350 860 1356 .
885 1322 1007 1355 Furore
1030 1332 1123 1356 saevo
1148 1325 1259 1364 populi

934 1370 1064 1401 Vinctus
1088 1370 1227 1403 salvator
1252 1373 1376 1412 duetus,

886 1416 1000 1448 Matris
1031 1417 1161 1457 virginis
1186 1419 1269 1450 oculi

935 1463 1086 1495 Fundunt
1112 1464 1228 1496 doloris
1252 1464 1377 1497 fluctus.

1030 1547 1235 1582 Responsoria.

856 1628 862 1635 .
887 1604 1006 1644 Regem
1027 1603 1137 1635 mundi
1160 1607 1286 1644 captum
1311 1606 1402 1637 caedi

935 1651 1014 1682 Dire
1036 1650 1115 1681 vidit
1141 1650 1281 1691 crucifigi

888 1698 1026 1737 Propter
1049 1705 1187 1729 amorem
1211 1697 1346 1730 hominis

936 1744 996 1776 Rei
1019 1747 1119 1776 mater
1145 1744 1273 1785 Christi,

892 1790 988 1829 Quem
1012 1792 1100 1830 virgo
1118 1795 1285 1830 prosecuta
1302 1793 1437 1833 planxit,

937 1837 1072 1875 Gemuit,
1099 1846 1190 1877 quem
1213 1838 1335 1872 dilexit.

851 1909 859 1916 .
891 1884 1057 1916 Eduoebat
1082 1893 1136 1915 cor
1161 1884 1278 1917 Christi

939 1940 1050 1971 aquam
1076 1934 1107 1962 et
1131 1932 1324 1975 sanguinem,

891 1976 1105 2010 Destillabant
1128 1987 1249 2017 manuS,

938 2025 1036 2063 pedes
1064 2033 1184 2057 eruore.

860 2104 866 2110 .
893 2079 917 2112 O
941 2082 1072 2118 quantas
1097 2081 1258 2120 angustias

939 2127 1057 2158 Parens
1082 2127 1164 2159 alma
1188 2129 1319 2168 pertulit

893 2173 1035 2205 Audiens
1059 2173 1280 2214 blasphemias,

939 2221 1022 2259 Quas
1046 2221 1138 2260 plebs
1162 2220 1271 2254 furens
1294 2224 1405 2257 intulit

895 2265 977 2298 Filio
1001 2267 1062 2298 Dei
1086 2272 1270 2308 perperam!

896 2313 1060 2355 Coronam,
1087 2315 1203 2357 elavos,
1227 2317 1370 2351 lanceam

941 2361 1037 2401 Virgo
1062 2364 1162 2395 sensit
1185 2364 1300 2400 anim0.
