1652 2615
220 248 245 277 1.
265 249 450 285 Ingrediente
470 247 589 274 domina.

304 287 483 314 Coronarum
501 284 633 311 Parisius

268 325 428 359 Tamquam
449 321 485 348 ad
504 329 582 348 nova
601 320 721 346 numina

311 361 415 388 Coetus
436 358 563 386 exsultat
583 358 695 385 obvius.

896 238 922 266 2.
943 239 1086 267 Hosanna
1106 239 1161 266 Dei
1181 238 1241 265 filio

983 277 1117 304 Clamant
1135 276 1264 303 Hebraei
1284 273 1409 306 mystici,

942 313 1096 349 Signorum
1115 315 1189 340 teste
1208 312 1289 339 radio

982 351 1067 378 Cives
1087 352 1241 378 occurrunt
1260 347 1370 376 coelici.

627 400 654 429 3.
673 400 798 435 Augusti
818 399 869 426 lux
887 397 1040 424 undecima

709 452 748 456 —-
766 450 803 455 —
822 434 926 463 indicit
944 434 1093 466 Francia-e,

674 476 731 502 Pro
753 482 845 501 messe
864 472 958 499 serens
978 471 1090 506 optima

711 511 853 538 Coronam
873 510 949 544 regis
969 508 1088 544 gloriae.

680 616 706 646 9.
738 615 780 645 De
800 614 915 645 corona
936 612 1061 652 Spiuea.

358 689 403 720 In
431 687 460 720 1.
487 686 703 725 Vesperis.

410 761 502 796 Super
519 761 660 788 Psalmos.

226 823 265 853 A.
301 821 429 852 Adsunt
454 818 600 850 dominici

345 866 425 898 Serti
452 865 611 904 selemnia,

298 914 409 946 Laude
433 911 601 951 multiplici

343 959 480 992 Plaudet
505 958 646 990 ecclesia.

420 1032 465 1059 Ad
483 1030 659 1067 Magnificat.

227 1093 266 1123 A.
293 1092 362 1124 Ave
386 1089 486 1130 spina,

346 1144 466 1177 poenae
493 1136 674 1174 remedium,

299 1184 390 1216 Servi
414 1183 518 1219 decus,

346 1231 429 1270 regis
454 1229 667 1268 opprobrium,

301 1278 370 1309 Tua
391 1276 492 1316 plaga,

353 1324 451 1361 dolor,
477 1321 648 1352 ludibrium

303 1370 396 1401 Vitae
419 1368 509 1399 nobis

350 1417 528 1447 mercantur
552 1414 734 1454 praemium.

371 1527 433 1560 Ad
458 1526 720 1559 Matutinum.

435 1601 647 1627 Invitatorium.

305 1658 460 1693 Honorati
486 1658 559 1689 dote
583 1657 665 1688 bona

308 1707 483 1738 Adoremus
512 1708 617 1735 mente
640 1713 741 1743 prona

308 1754 425 1793 Regem
451 1751 608 1784 Christum
633 1751 665 1782 in
692 1760 816 1793 corona,

358 1800 453 1839 Quam
479 1797 601 1829 Judaea
625 1799 733 1829 texuit.

366 1912 410 1943 In
438 1910 467 1943 1.
495 1909 721 1942 Nocturno.

448 1983 640 2017 Antiphonae.

244 2044 272 2076 1.
298 2042 490 2072 Veneremur
513 2039 627 2071 bonum
651 2040 753 2071 Deum

294 2089 340 2120 Et
362 2088 498 2119 colamus
519 2086 601 2117 votis
627 2095 706 2126 eum,

301 2135 359 2174 Qui
384 2133 531 2174 gentilem
557 2135 589 2163 et
612 2134 766 2166 Judaeum

349 2180 456 2221 Spinis
480 2182 589 2219 septus
613 2181 750 2215 redimit,

244 2253 273 2282 2.
301 2249 325 2281 O
352 2255 443 2288 quam
469 2248 594 2277 acetosa
617 2245 702 2286 vitis,

302 2296 352 2328 De
376 2302 437 2334 qua
459 2292 540 2324 bibit
563 2293 656 2325 Jesus
680 2294 775 2336 mitis,

299 2343 411 2382 Agnus
436 2340 498 2371 Dei
522 2348 634 2379 expers
658 2340 733 2376 litis,

347 2389 422 2422 Cum
448 2387 495 2418 sic
518 2389 652 2426 punctus
677 2388 809 2421 exstitit.

899 681 929 712 3.
955 680 1041 719 Ergo
1066 687 1182 719 regem,
1209 685 1301 717 quem
1326 685 1476 717 amamus,

959 726 1150 758 Coronatum
1175 724 1389 756 collaudamus

958 773 1003 805 Et
1025 781 1173 804 coronam
1198 771 1417 811 praedicamus

1008 820 1110 859 Super
1134 827 1210 858 opes
1235 818 1347 857 regias„

925 901 932 908 .
959 876 997 907 In
1021 875 1071 907 his
1096 875 1196 915 spinis
1221 875 1424 913 suspiremus,

959 923 1019 954 His
1043 931 1100 954 nos
1125 922 1205 953 rosis
1231 928 1424 960 coronemus,

958 969 1003 1001 Et,
1027 968 1084 1000 sub
1109 969 1179 999 istis
1205 970 1418 1007 computemus

1007 1015 1155 1048 Sentibus
1182 1015 1322 1048 delicias,

928 1099 934 1104 .
959 1071 1152 1104 Benedictus
1177 1071 1278 1102 omnis
1303 1071 1372 1110 erit,

960 1118 1019 1157 Qui
1043 1118 1099 1149 has
1125 1117 1231 1156 spinas
1257 1117 1353 1149 corde
1378 1118 1469 1158 gerit,

959 1164 1039 1196 Nam
1065 1164 1099 1195 in
1122 1164 1200 1203 ipsis
1224 1164 1311 1195 Deus
1333 1164 1412 1195 serit

1007 1212 1159 1243 Fructum
1186 1211 1408 1243 centenarium.

928 1294 935 1300 .
962 1268 987 1300 Ο
1013 1265 1150 1298 fertilem
1176 1275 1284 1305 agrum
1307 1266 1440 1297 multum

960 1314 1004 1345 Et
1031 1313 1138 1344 divina
1160 1322 1255 1344 manu
1281 1313 1408 1353 cultum,

964 1360 1014 1392 De
1039 1368 1098 1399 quo
1124 1360 1225 1399 surgit
1250 1360 1311 1392 hoc
1335 1360 1503 1400 virgultum

1011 1408 1095 1438 Ante
1122 1406 1205 1446 regis
1230 1407 1353 1439 solium.

1114 1478 1319 1515 Responsoria.

921 1538 952 1571 1.
977 1537 1079 1568 Adest
1102 1545 1193 1568 sacra
1216 1537 1271 1568 lux
1298 1537 1371 1577 diei,

977 1584 1043 1623 Qua
1068 1592 1202 1615 coronae
1225 1584 1325 1615 nostri
1349 1584 1411 1616 Dei

1025 1630 1140 1671 Agitur
1162 1631 1324 1670 memoria,

980 1677 1182 1716 Respiremus
1207 1686 1313 1709 omnes
1339 1678 1396 1720 rei,

980 1724 1064 1755 Hinc
1089 1726 1248 1755 cantemus
1273 1733 1380 1756 omnes
1406 1726 1444 1765 ei,

1027 1771 1086 1810 Qui
1110 1774 1221 1810 regnat,
1244 1771 1278 1802 in
1302 1771 1412 1812 gloria.

910 1818 948 1850 V.
981 1817 1161 1849 Coronastis
1185 1818 1279 1857 hunc,
1305 1818 1431 1859 Judaei,

980 1864 1059 1903 Ejus
1085 1865 1195 1896 dantes
1220 1864 1314 1896 faciei

1027 1910 1157 1953 Alapas,
1184 1919 1259 1950 gens
1284 1912 1391 1951 impia.

926 1967 956 2000 2.
983 1966 1105 1998 Corona
1128 1966 1317 2000 interrasilis

1026 2012 1158 2044 Mensae
1181 2013 1265 2045 labio
1290 2016 1427 2060 ponitur,

983 2059 1062 2097 Quia
1085 2068 1200 2092 corona
1223 2062 1335 2100 spinea

1031 2105 1069 2136 In
1095 2110 1189 2147 caput
1213 2107 1289 2139 Jesu
1311 2109 1473 2151 plectitur,

987 2152 1031 2184 Et
1050 2153 1151 2185 altera
1177 2156 1327 2188 coronula

1028 2199 1133 2231 Altior
1158 2201 1186 2232 ei
1211 2202 1350 2234 additur.

916 2248 954 2280 V.
985 2247 1075 2286 Agno
1100 2256 1157 2286 pro
1183 2248 1273 2280 nobis
1297 2252 1430 2292 mortuo,

1034 2293 1093 2332 Qui
1117 2303 1136 2327 a
1160 2294 1303 2327 Johanne
1328 2297 1477 2343 cernitur,

990 2341 1096 2373 Omnis
1122 2349 1238 2374 corona
1261 2343 1374 2375 merito

1036 2388 1066 2419 A
1090 2388 1218 2420 senibus
1243 2390 1447 2426 submittitur.
