1652 2615
735 144 990 179 —121—

280 233 343 267 Sed
368 234 488 267 firmius
513 237 671 270 radicavit

279 282 346 313 Sibi
373 283 447 313 (lato
472 283 558 315 senio

278 327 445 359 Elisabeth
470 330 658 363 testimonia

239 398 245 404 .
274 374 333 418 Ea,
361 384 442 414 quae
467 376 553 408 ‹iicta

279 421 357 453 Sunt
382 431 441 461 per
466 424 622 464 angelum,

278 467 324 500 Ut
347 473 476 508 pareret
500 470 561 502 Dei
586 471 695 515 filium,

276 514 395 547 Missus
423 517 615 550 demonstrat
643 520 768 551 clarius.

338 658 383 689 In
410 658 440 690 2.
466 657 698 690 Nocturno.

427 740 620 776 Antiphonae.

241 832 249 839 .
277 807 390 840 Cordis
414 807 541 839 laudem
563 809 733 847 jubilosam

321 855 418 894 Virgo
442 857 544 886 mater
564 856 785 899 promulgavit,

276 901 353 934 Cum
378 902 494 933 salutat
519 902 572 940 pie
596 912 757 942 annosam,

322 949 424 981 Dulce
445 948 576 981 verbum
601 950 766 981 eructavit.

244 1031 250 1037 .
277 1004 325 1036 Re
350 1006 527 1045 congaudet
550 1005 636 1037 facta
660 1008 761 1037 mater

321 1051 446 1083 Sterilis
472 1053 506 1083 in
531 1054 662 1088 senium,

272 1098 397 1129 Adesse
422 1107 554 1131 noscens
577 1100 694 1131 nostris
719 1100 811 1131 malis

320 1146 422 1177 Deum
450 1146 575 1177 virtutis
600 1150 629 1177 et
655 1145 822 1186 refugium.

237 1228 242 1233 .
270 1200 381 1234 Infans
405 1202 475 1244 iste,
503 1210 594 1240 quem
620 1202 750 1241 concepi

317 1250 508 1280 Praeconem
540 1250 586 1280 tui
611 1248 679 1287 filii,

268 1295 460 1337 Exmltavit,
487 1298 522 1326 ut
545 1296 684 1335 percepi,

313 1343 352 1375 In
377 1351 455 1374 voce
478 1343 589 1374 matris
614 1342 751 1381 Domini,

268 1390 355 1429 Quae
370 1398 459 1420 mons
477 1392 525 1420 est
538 1393 568 1421 et
582 1389 820 1421 fundamentum

315 1436 444 1468 Firmae
467 1439 595 1468 nostrae
619 1436 705 1469 fidei.

407 1529 613 1564 Responsoria.

234 1612 240 1617 .
268 1587 366 1619 Plena
391 1587 479 1627 virgo
505 1588 608 1626 gratia

315 1634 452 1674 Spiritus
475 1635 614 1674 superni,

267 1680 351 1713 Filio
373 1682 440 1720 J'am
465 1682 598 1720 gravida

315 1728 420 1760 Patris
443 1728 636 1766 sempiterni,

268 1776 364 1807 Certa
388 1775 489 1814 surgit
513 1772 552 1806 de
575 1775 695 1813 nuntio,

315 1822 358 1855 Ut
381 1823 414 1854 in
438 1824 589 1854 montana
612 1824 771 1864 properet,

264 1870 306 1902 Et
332 1878 451 1901 summo
478 1878 547 1900 cum
572 1869 713 1909 tripudio

315 1917 487 1958 Cognatam
512 1925 617 1948 senem
644 1917 760 1948 visitet.

223 1989 230 1997 .
261 1964 389 2000 Incedit
406 1965 503 2004 virgo,
522 1967 623 1996 mater
636 1964 814 2004 salvatoris,

263 2013 359 2045 Nullo
385 2014 517 2052 gravata
540 2012 695 2052 pondere,

263 2059 327 2092 Sed
352 2068 447 2092 onere

260 2106 393 2139 Leviata
416 2106 560 2146 pudoris.

227 2190 234 2197 .
260 2163 405 2205 Superna
428 2163 518 2204 petit,
543 2172 623 2204 quae
648 2163 793 2203 concepit

260 2212 410 2252 Verbum,
436 2211 498 2243 Dei
522 2209 634 2250 filium,

259 2258 359 2294 Laeta
381 2268 440 2299 pro
465 2262 538 2290 voto
563 2258 731 2298 mysticum

258 2305 360 2338 Nobis
384 2306 541 2345 praebens
567 2305 728 2343 auxilium,

887 241 926 273 V.
955 240 1046 279 Fide,
1072 247 1129 279 spe
1155 241 1186 270 et
1211 238 1345 270 cailtate

889 1372 920 1402 2.

1001 286 1097 326 Virgo
1122 294 1247 326 gressus
1274 285 1412 324 dirigens

955 333 1073 373 Pergit,
1100 343 1156 364 sua
1180 332 1347 364 sanctitate

1002 380 1189 420 Exemplum
1213 379 1303 411 nobis
1329 379 1488 411 exhibens.

961 437 984 469 O
1011 437 1148 476 gloriosa
1173 436 1307 473 domina,

955 483 1092 515 Excelsa
1115 493 1212 522 supra
1235 482 1351 521 sidera,

954 529 1003 561 Tu
1025 539 1098 561 nam
1122 529 1257 561 fecunda
1280 530 1419 561 ste1ilem

955 577 1125 615 Puellaque
1148 577 1285 609 vetulam

956 623 1095 663 Dignata
1126 632 1159 655 es
1181 624 1319 664 visitare,

956 670 1002 702 Ut
1027 671 1180 702 castitatis
1203 670 1345 701 habitum

956 718 1152 749 Monstrares
1179 726 1238 756 per
1262 717 1445 756 obsequium

1002 763 1208 797 HumilitatiS.

952 811 1053 849 Patet,
1078 814 1113 842 ut
1138 820 1198 850 quo

1001 858 1088 897 virgo
1113 859 1154 889 sit
1180 857 1304 895 castior,

953 904 1001 935 Eo
1028 905 1128 944 decet,

1000 954 1036 981 ut
1059 951 1101 982 sit
1123 951 1280 983 humilior.

1013 1054 1060 1085 In
1086 1055 1116 1087 3.
1142 1054 1370 1087 Nocturno.

1095 1117 1290 1153 Antiphonae.

916 1198 923 1205 .
952 1174 1102 1206 Visitanti
1125 1175 1234 1206 limina

998 1220 1129 1253 Vetulae
1155 1224 1306 1260 cognatae

950 1267 1092 1299 Laudem
1117 1277 1188 1299 cum
1211 1271 1313 1299 matre
1338 1268 1464 1301 Domini

996 1314 1130 1347 Domino
1156 1317 1290 1348 cantate.

947 1371 1009 1402 Per
1033 1372 1097 1402 tres
1120 1380 1242 1402 menses
1265 1371 1433 1403 Elisabeth

993 1417 1099 1449 Maria
1123 1418 1272 1456 visitavit,

947 1465 985 1496 In
1011 1473 1071 1503 qua
1096 1466 1189 1498 Jesus
1216 1466 1255 1496 de
1278 1464 1438 1496 Nazareth

996 1511 1065 1543 Rex
1088 1512 1242 1544 Dominus
1265 1513 1418 1551 regnavit.

948 1568 1037 1607 Vale,
1062 1569 1151 1609 virgo
1176 1568 1399 1608 sacratissima,

946 1614 991 1646 Et
1014 1615 1086 1653 plus
1111 1625 1205 1655 quam
1229 1615 1471 1655 speciosissima,

994 1661 1042 1692 Tu
1067 1663 1204 1701 gloriosa
1228 1661 1304 1701 filia,

947 1708 1069 1739 Novum
1097 1714 1225 1741 cantans
1251 1709 1416 1740 exordium

946 1756 1109 1787 inclinasti
1132 1756 1311 1795 Dominum,

995 1802 1054 1840 Qui
1078 1802 1156 1834 fecit
1178 1803 1346 1834 mirabilia.

1081 1877 1286 1913 Responsoria.

911 1951 918 1957 .
945 1925 1040 1958 Venit
1063 1934 1240 1966 praegnans
1257 1925 1298 1957 ad
1315 1934 1491 1966 praegnan-

1269 1975 1332 2004 tem

991 2020 1099 2061 Virgo,
1118 2021 1174 2053 sed
1193 2029 1254 2052 non
1273 2021 1314 2052 ad
1332 2022 1495 2061 virginem,

943 2067 1062 2100 Latens
1091 2069 1188 2100 sentit
1211 2068 1398 2112 latitantem,

988 2115 1057 2147 Rex
1083 2116 1223 2148 visitavit
1247 2116 1390 2156 militem,

940 2163 1002 2196 Illa
1026 2171 1133 2195 vocem
1159 2163 1256 2195 sentit

988 2210 1129 2250 Virginis
1153 2213 1275 2252 beatae,

941 2257 1072 2290 Clausus
1096 2259 1153 2290 ille
1176 2257 1357 2297 mysterium

986 2305 1115 2337 Domini
1140 2305 1302 2345 probatae.

260 2353 307 2387 Ut
331 2354 418 2387 celsa
439 2354 590 2385 virtutum
616 2351 811 2384 convallibus
869 2352 909 2385 V.
942 2352 1081 2385 Salutem
1106 2356 1142 2384 ut
1166 2352 1274 2384 intulit

259 2400 451 2440 Quaeramus
476 2402 508 2431 et
528 2401 630 2435 lilium
642 2412 650 2440 3

986 2400 1074 2440 virgo
1100 2399 1186 2431 facta
1205 2402 1321 2441 mater,
