1652 2615
646 117 902 152 —198—

207 215 301 255 Cujus
322 216 356 247 in
379 215 491 246 mentis
516 213 583 244 acie

204 263 295 294 Dona
320 262 462 293 caelestis
487 259 607 299 gratiae

252 309 400 342 Primitus
425 307 620 346 revelantur3

166 381 173 388 .
206 356 231 388 O
256 354 335 387 felix
358 357 466 386 nostra
490 353 609 394 civitas,

205 402 261 434 Cui
285 410 342 440 per
367 401 449 431 hune
474 399 582 436 virtuS,
608 397 724 428 veritas

250 447 294 479 Et
316 448 371 478 lux
394 445 598 477 irradiantur.

171 547 178 555 .
205 522 372 553 1nt0nante

252 568 340 600 Petri
363 565 529 606 praeconio

204 614 298 646 Plebs
324 613 462 645 auditum

254 660 308 692 dat
332 659 503 699 evangelio,

205 708 299 746 Cujus
324 715 400 738 voce

253 755 377 792 Aspren
402 753 433 783 in
459 751 537 783 solio

206 799 398 831 Sublimatur

255 849 286 877 et
309 844 496 877 sacerdotia

172 920 178 927 .
208 893 270 924 Hic
296 893 430 931 pastoris

255 939 368 977 implet
390 936 538 976 officium,

208 986 244 1017 In
271 994 330 1024 quo
355 983 432 1016 fides

255 1031 388 1070 sumpsit
410 1031 544 1062 initium.

178 1132 184 1139 .
213 1105 315 1137 Verbo
340 1105 423 1138 vitae
446 1104 606 1136 miraculis

255 1152 377 1184 Novam
402 1151 527 1190 plantat
551 1149 713 1181 ecelesiam

211 1198 471 1231 concurrentibus
496 1197 620 1235 populis

256 1244 309 1276 Ad
335 1244 451 1277 Christi
475 1244 692 1284 reverentiam,

211 1292 269 1329 Qui
292 1290 417 1329 rejectis
441 1290 574 1328 piaculis

258 1336 363 1369 Sancti
379 1338 532 1375 quaerunt
545 1334 753 1374 prudentiam.

174 1410 180 1417 .
211 1384 264 1415 Sis
284 1383 376 1421 plebs
401 1384 513 1414 cuneta

259 1430 319 1461 cito
345 1429 549 1466 convertitur,

213 1477 265 1508 Sic
288 1485 346 1515 per
369 1474 462 1507 fidem

259 1522 414 1554 Christum
443 1520 654 1561 amplectitur.

276 1654 322 1686 ΙΙ]
348 1654 379 1686 3.
406 1652 630 1685 NocturnO.

354 1725 545 1760 Antiphonae.

180 1811 186 1817 .
213 1782 380 1816 Habitabit
404 1782 456 1813 hio
475 1782 601 1813 inclitus

259 1831 298 1862 In
324 1829 402 1861 caeli
427 1829 639 1870 tabernaculo,

213 1877 276 1908 Per
300 1884 388 1915 quem
414 1876 446 1907 in
471 1877 577 1907 nostro
603 1875 748 1913 primitus

261 1923 351 1956 Salus
378 1925 426 1953 est
449 1920 535 1953 facta
558 1922 686 1961 populo.

180 2023 187 2030 .
213 1998 251 2031 In
275 1997 544 2029 benedictionibus

262 2044 401 2076 Caelitus
426 2045 474 2074 est
496 2045 695 2083 praeventus,

214 2091 276 2123 Per
300 2099 390 2129 quem
414 2090 446 2121 in
472 2089 560 2121 nobis
585 2089 727 2120 omnibus

262 2137 413 2170 Dominus
439 2139 487 2166 est
509 2137 665 2169 inventus.

156 2216 164 2227 ‘
178 2240 185 2248 .
214 2213 334 2246 Mundo
362 2212 457 2244 corde
479 2211 589 2250 culpae
612 2211 707 2243 sorde

261 2259 433 2291 Vindieans
456 2258 678 2297 innocentiam,

216 2307 349 2341 Scandit
373 2307 502 2348 eaelum,
527 2305 642 2337 transit
658 2306 760 2336 velum

262 2354 368 2387 Cernit
398 2353 516 2386 Christi
540 2353 760 2392 praesentiam.

1009 208 1214 243 Responsoria.

819 269 847 302 1.
875 267 999 298 Gaudet
1024 266 1136 297 Petrus

920 315 1008 343 tanto
1034 311 1199 349 discipulo,

877 361 939 392 Per
963 366 1054 397 quem
1078 356 1199 389 fruetus

922 404 1079 435 redundat
1101 403 1219 441 populo

873 451 975 489 Hujus
998 449 1085 481 urbis

921 497 982 527 hoe
1011 496 1046 526 in
1069 494 1194 525 saeculo

874 544 1026 576 Reserato

919 590 985 630 Jam
1009 588 1123 619 mentis
1147 587 1248 618 oculo.

836 662 843 669 .
876 637 968 668 Felix
993 636 1076 678 vitis,

924 684 963 715 do
988 683 1075 721 quus
1100 681 1226 712 surculo

876 731 1013 762 Tantum
1037 736 1164 769 germen

924 775 1032 816 prodit
1053 774 1200 807 diluculo.

845 860 851 866 .
879 833 982 873 Signis
1007 831 1097 864 novis

923 878 959 911 fit
988 877 1195 918 admirabilis,

877 926 973 965 Cujtis
997 932 1092 964 prece

926 974 1109 1010 conceptum
1133 967 1262 1008 sterilis,

876 1019 1024 1051 Membra
1046 1018 1160 1056 manci,

923 1074 1062 1106 gressum
1087 1062 1247 1101 inhabilis,

880 1113 988 1143 Visum
1014 1111 1098 1142 caeci

926 1160 1049 1190 sumunt
1073 1158 1108 1188 in
1128 1154 1267 1196 populis.

841 1233 847 1239 .
876 1203 961 1236 Sana
985 1204 1092 1235 reddit

926 1250 1067 1282 membra
1088 1248 1314 1289 languentium,

882 1297 934 1329 Sic
957 1297 1103 1328 accendit

931 1344 1027 1375 corda
1051 1343 1254 1374 credentium.

987 1475 1049 1507 Ad
1075 1474 1251 1507 Laudes».

1023 1566 1218 1602 Antiphonae.

850 1650 856 1656 .
884 1625 908 1657 Ο
934 1633 1025 1665 quam
1050 1627 1124 1656 sunt
1148 1623 1314 1656 eredibilia

931 1672 993 1704 Per
1017 1671 1144 1710 Aspren
1167 1671 1353 1710 praedicata

881 1717 930 1749 De
956 1717 1079 1750 Christo
1105 1717 1285 1749 testimonia

928 1764 1091 1797 Miraculis
1116 1764 1260 1804 probata.

850 1848 857 1854 .
881 1821 1004 1852 Intrate
1026 1824 1135 1859 port-as
1159 1820 1285 1852 Domini

930 1866 1012 1906 Jam.
1037 1867 1250 1908 Neapolitani,

882 1913 961 1952 Ejus
986 1912 1095 1945 offerte
1119 1913 1237 1945 numini

931 1959 1084 1992 Libamen
1110 1961 1216 1992 cordis
1240 1962 1320 1994 sani.

851 2041 857 2047 .
884 2016 926 2048 Os
948 2016 1056 2055 iniqua
1079 2017 1270 2055 loquentium

932 2063 994 2094 Per
1010 2063 1136 2102 Aspren
1163 2066 1211 2094 est
1227 2063 1432 2104 obstructum,

885 2109 1023 2140 Excluso
1047 2110 1111 2141 ritu
1136 2111 1274 2150 gentium

934 2155 1032 2189 Verbi
1056 2156 1205 2195 producit
1227 2156 1375 2192 fructum.

855 2238 861 2245 .
888 2212 1038 2251 Quoniam
1064 2215 1168 2244 cantat
1196 2214 1345 2246 alacriter

933 2260 1057 2291 Devota
1079 2259 1172 2299 plebs
1195 2262 1353 2302 continuo,

885 2306 1038 2337 Laetatur
1061 2307 1187 2345 Aspren
1208 2308 1326 2347 jugiter

936 2354 973 2385 In
996 2353 1122 2385 caelesti
1150 2356 1301 2388 convivio.
