1652 2615
681 144 936 180 —254-m

167 238 187 267 Β
210 238 239 267 1.
260 238 277 267 5
301 241 430 269 Portum.
451 255 487 259 —
517 238 537 266 Β
560 238 590 274 1,
612 238 629 268 8
655 240 750 268 fehlen
778 240 849 266 zwei
869 239 983 272 Silben3
1010 247 1088 266 mare
1113 240 1236 275 erganzt.
1260 255 1294 259 —
1317 240 1344 267 R
1364 237 1395 271 3,
1420 237 1454 266 10

168 278 345 313 deprimunt;
365 279 491 306 carmine
512 278 637 313 erganzt.
656 293 695 297 --
715 275 735 302 Β
756 275 782 308 4,
804 275 821 302 2
842 277 923 304 fudit.
964 294 979 297 -
999 277 1040 304 In
1059 275 1085 304 3.
1107 278 1208 305 Noet.
1244 278 1300 305 Die
1320 277 1382 304 drei
1407 274 1453 302 AA

166 316 202 342 ad
223 316 343 344 Cantica
364 315 517 352 jodenfalls
544 316 580 342 ad
609 315 732 342 libitum.
759 329 797 334 —
824 312 846 340 A
871 312 901 346 1,
927 312 939 341 1
966 315 1078 342 clarens
1099 315 1238 342 bonitatis
1258 315 1396 342 Patricia.
1418 327 1455 332 —

166 352 188 378 Α
209 351 236 387 2,
259 352 271 379 1
294 353 366 381 fehlt
385 355 448 382 eine
467 353 560 380 Silhu,
577 353 638 387 jam
658 353 783 387 ergiinzt.
811 367 840 370 —
857 350 879 377 A
899 350 925 384 2,
946 350 964 378 2
983 354 1153 387 permenses.
1167 366 1204 370 ——-
1218 350 1240 377 A
1261 350 1286 384 2,
1308 351 1324 378 5
1346 351 1453 379 Corde:

165 391 260 418 fehlen
280 391 341 418 ‹lrei
362 391 471 422 Silben,
492 392 521 417 et
540 391 598 417 oris
619 390 746 424 ergfinzt.
767 403 803 407 —-
825 386 845 414 Β
870 387 891 423 l,
913 387 931 416 8
951 397 1037 425 quam
1056 389 1136 416 fehlt.
1215 387 1234 414 Β
1258 387 1282 423 2,
1304 387 1321 416 3
1343 390 1453 416 ostiun-

166 428 270 455 culum.
291 442 327 447 —
349 426 369 453 Β
390 426 415 460 3,
440 426 454 454 1
475 427 585 454 redunt.
607 441 642 445 —-
665 425 684 452 Β
705 424 730 460 3,
754 424 786 453 11
807 427 838 452 in
858 427 995 453 Patricia.
1017 440 1050 444 —
1074 424 1093 451 Β
1114 424 1140 459 4,
1162 424 1180 454 3
1199 426 1334 453 vinculis.
1357 440 1393 444 —
1412 426 1453 453 In

165 465 272 492 Laud.
301 463 323 490 A
347 463 375 498 1,
399 464 411 489 Ρ
441 464 537 491 fehlen
564 464 636 491 zwei
657 464 770 494 §ilbem
797 463 831 490 (lo
859 472 914 498 quo
940 464 1065 498 ergiinzt-
1091 478 1123 482 -—
1145 462 1167 488 A
1189 462 1221 496 2,
1243 461 1260 489 2
1280 463 1452 490 Nostrorum

164 502 279 529 vincula
303 503 461 529 criminum.
492 515 523 519 —
552 499 573 527 A
594 499 626 533 2,
646 499 664 528 ὃ
689 502 816 536 Rumpas
842 501 957 537 desque.
982 515 1018 519 --
1047 499 1069 526 Α
1088 498 1116 533 4,
1137 498 1154 526 2
1174 501 1235 528 Nos
1256 501 1395 529 aseendit.
1415 514 1453 519 -—

165 537 186 564 A
208 538 234 571 5,
258 538 271 566 1
293 539 445 574 psallemus
475 540 542 566 ¹dsu.
623 537 644 565 A
666 538 691 571 5,
712 537 730 566 δ
749 539 815 566 Jam
837 547 993 573 purpuram
1014 540 1043 565 et
1061 539 1178 565 lumine.
1193 553 1230 557 -
1245 539 1302 565 Die
1315 538 1454 573 Hymnen

165 581 214 604 etr.
234 576 318 604 Anal.
338 576 433 608 XXII,
455 574 508 603 213
530 576 557 603 ff.

620 723 666 753 89.
698 722 738 753 Do
758 725 868 753 sancta
887 723 994 754 Paula.

298 813 313 843 1
323 822 342 843 n
369 812 399 845 1.
425 812 452 842 V
464 819 480 841 e
489 819 504 841 s
513 820 533 849 p
546 819 562 841 e
571 810 640 842 ris.
905 810 1049 843 Infirmos
1074 810 1161 843 fovet
1184 811 1315 850 sinibus,

344 885 389 912 Ad
408 883 583 919 Magmficat.
947 859 1047 889 Actus
1072 858 1192 897 spernit
1218 858 1379 891 obscenos.

168 942 205 975 A.
236 942 297 973 Per
322 942 449 979 Paulae,
477 940 610 978 Christe,
635 944 747 971 merita
1044 942 1248 977 Responsoria.

232 988 282 1020 Da
304 988 408 1028 fidem,
437 987 514 1018 doce
537 987 655 1026 placita

281 1035 346 1066 Nos
370 1042 463 1075 agere
485 1032 653 1070 ferventer,

234 1082 330 1113 Sacro
355 1091 412 1113 nos
436 1081 525 1119 reple
547 1079 681 1118 flamine,

234 1129 299 1166 Quo
324 1128 423 1160 Paula
448 1135 516 1157 cum
542 1127 702 1158 conamine

280 1174 325 1205 Te
349 1173 451 1205 tenuit
474 1173 632 1212 ardenter,

233 1222 279 1253 Ob
304 1222 433 1253 Paulam
457 1219 566 1251 mundi
591 1219 737 1252 tenebras

232 1267 499 1305 peccatorumque
523 1266 660 1297 latebras
835 1287 860 1317 V

279 1314 418 1345 Vitemus
444 1312 645 1344 confidenter.

848 1008 878 1040 l.
905 1008 1060 1048 Flagrans
1084 1008 1117 1039 in
1142 1008 1241 1040 Paula
1266 1008 1381 1041 caritas

951 1055 1121 1086 Fervorem
1148 1055 1203 1087 dat
1226 1056 1419 1093 immensum,

904 1100 1060 1133 Defuncto
1086 1102 1154 1133 viro
1180 1102 1301 1133 vanitas

951 1148 1154 1188 Nequaquam
1179 1151 1280 1181 mutat
1302 1158 1438 1186 sensum,

904 1194 965 1227 Sed
991 1195 1142 1226 caelibem
1168 1204 1239 1228 mox
1267 1195 1368 1228 deitas

949 1243 1041 1274 Hanc
1067 1241 1145 1273 facit
1166 1251 1224 1281 per
1248 1251 1419 1276 assensum.

865 1312 872 1318 .
905 1288 1035 1329 Mundo,
1063 1297 1166 1327 earne,
1194 1289 1320 1321 diabolo

904 1335 1040 1366 Calcatis
1065 1334 1126 1366 fert
1150 1335 1320 1375 Jeronymo

948 1381 1041 1412 Suum
1068 1382 1167 1418 Paula
1192 1391 1385 1414 consensum.

294 1434 322 1465 A
335 1434 354 1464 d
379 1434 414 1464 M
424 1442 442 1463 a
452 1435 464 1463 t
473 1442 492 1463 u
501 1435 533 1463 tl
542 1442 562 1462 n
572 1442 591 1463 u
600 1443 640 1465 ω’
844 1465 874 1494 2.
901 1463 1064 1501 Jeronymi
1088 1472 1147 1502 per
1171 1464 1291 1496 monita

362 1506 574 1533 Invita-terium·
901 1510 1031 1541 Romam
1057 1510 1237 1550 relinquens
1264 1513 1387 1543 concita

227 1563 344 1593 Paulae
368 1562 538 1601 gaudentes
563 1563 682 1602 gloriae
897 1556 1117 1595 spernensque
1141 1558 1273 1597 prolem,
1301 1558 1412 1591 dedita

273 1608 462 1646 spernamus
488 1609 595 1639 mundi
621 1608 745 1640 fraudes
946 1602 1020 1633 PIUS
1046 1603 1086 1634 ad
1112 1613 1190 1643 OPUS
1216 1605 1418 1648 dominicum,

226 1653 288 1684 Pro
314 1654 413 1685 Paula
434 1653 541 1684 demus
566 1654 660 1685 hodie
900 1647 976 1679 Sola
1002 1658 1072 1680 cum
1093 1650 1268 1683 Eustochio

276 1700 436 1731 Caelorum
464 1699 531 1738 regi
554 1700 675 1734 laudes,
904 1694 1053 1727 Fervoris
1078 1706 1156 1736 prae
1180 1698 1327 1731 incendio

903 1742 1003 1774 Paula
1025 1744 1131 1783 pergit:
1154 1745 1277 1785 navigio

944 1789 1054 1821 Vicum
1079 1790 1384 1827 Bethlehemiticum.

278 1812 321 1843 1¹¹
349 1812 379 1844 1·
406 1811 638 1845 Nocturno.
828 1834 863 1866 V.
895 1835 967 1868 Non
991 1846 1088 1878 amor,
1114 1840 1299 1875 transitoria

360 1886 555 1921 Antiphonae.
896 1883 1074 1922 Delectant,
1097 1886 1154 1918 sed
1178 1896 1237 1926 pro
1262 1888 1363 1928 gloria

163 1943 191 1976 1.
217 1944 377 1977 Mirabilis
399 1944 479 1975 haec
500 1943 613 1977 femina
944 1931 1040 1972 (3111)ᾖ
1062 1932 1126 1964 ster
1150 1934 1337 1968 salvificum.

265 1991 452 2031 Magnorum
477 1994 578 2031 sume
603 1996 686 2032 nata’
838 2015 868 2047 3.
896 2015 957 2047 Per
981 2017 1052 2049 loca
1075 2026 1168 2051 sacra
1191 2020 1340 2059 gradiens

212 2039 298 2070 Mira
323 2039 474 2070 virtutum
498 2039 619 2071 semina

261 2086 326 2117 Dat
350 2084 462 2117 saeclis
489 2085 613 2117 Christo
641 2087 724 2118 data.
941 2063 1006 2094 Dat
1029 2064 1163 2095 imbrem
1184 2065 1395 2102 herimarum·

894 2108 1043 2140 Miranda
1066 2110 1128 2141 Dei
1152 2111 1262 2142 sit-iens

159 2143 188 2174 2.
219 2142 387 2173 Praeclare
412 2140 531 2172 Romae
554 2139 636 2171 filias
940 2155 1093 2186 Mundum
1119 2158 1211 2194 putat
1234 2166 1384 2191 amarum.

264 2188 342 2219 Fert
367 2186 465 2219 Paula
487 2186 596 2224 juncta
621 2188 699 2225 viro,
893 2200 976 2232 Huic
999 2201 1102 2234 lumen
1128 2201 1312 2234 indeficiens

217 2236 290 2275 Res,
320 2234 445 2265 domum
471 2235 502 2263 et
526 2231 661 2285 famili-as
940 2246 1055 2277 Verum
1081 2247 1276 2280 demonstrat
1301 2251 1437 2286 clarum·

259 2280 357 2312 Modo
382 2279 559 2319 gubernans
586 2288 675 2311 m1ro.
822 2292 859 2321 V.
890 2293 997 2324 Jesum
1022 2294 1123 2327 Paula
1146 2296 1313 2335 praesepio
1431 2282 1438 2298 ²

157 2337 186 2368 3.
213 2335 368 2366 Innocens
394 2334 493 2365 Paula
514 2334 657 2365 manibus
891 2338 968 2369 cum
991 2342 1085 2377 partu
1109 2342 1277 2379 puerperio

260 2380 364 2419 cibat,
390 2379 484 2412 vestit
511 2388 633 2421 egenos,
937 2384 1055 2416 Videns
1081 2387 1267 2428 eonstringit
1292 2400 1408 2431 carum,
