1652 2615
702 128 931 162 ,78-

186 225 216 255 2.
243 222 333 254 Jesus
358 221 425 261 flos,
450 222 506 254 fios
531 222 635 254 Maria

291 269 415 308 Verque
438 272 560 307 tempus
585 267 681 308 floris,

245 316 320 347 Flos
345 315 500 347 Nazareth
526 315 638 356 patria,

289 363 388 394 Plena
411 365 483 393 sunt
507 362 637 393 decoris

210 471 218 479 .
245 446 387 477 candens
411 444 468 476 fios
492 444 681 484 multiplicat

290 491 437 531 virgulae
465 493 617 529 decorem,

245 539 417 577 ('onceptus
440 537 596 577 glorificat

287 584 408 616 Man‘ae
431 584 594 624 pudorem.

376 685 578 721 Responsoria.

208 776 215 783 .
241 751 327 782 Arca
349 750 419 792 Dei,

288 798 320 828 in
345 807 405 837 qua
429 799 609 831 reconditur

240 843 340 876 Dulce
363 853 484 888 manna,

289 891 375 922 cibus
400 892 574 932 aethereus,

241 940 305 974 Quo
334 937 423 976 plebs
448 938 508 970 Dei

288 986 397 1015 sancta
419 985 567 1027 reficitur,

238 1029 299 1061 Est
322 1030 444 1062 Mariae

288 1080 395 1108 venter
420 1078 587 1119 virgineus,

202 1148 208 1155 .
237 1122 404 1154 Thalamus
429 1124 510 1164 regis
535 1125 661 1165 gloriae,

241 1169 304 1207 Quo
326 1170 467 1208 Jungitur
490 1172 647 1203 ecclesiae.

210 1279 216 1285 .
245 1252 357 1283 Omnes
383 1257 499 1292 gentes,
526 1255 679 1286 attendite

286 1299 338 1330 Ad
372 1302 434 1330 tam
468 1301 630 1341 pulchrum
659 1306 780 1341 specta-

560 1349 671 1387 culum,

240 1389 307 1422 Deo
336 1393 453 1430 gratias
477 1393 561 1432 agite

287 1437 346 1476 Qui
370 1439 417 1469 sic
442 1440 553 1471 dilexit
575 1442 734 1483 populum,

241 1483 363 1515 Mariae
391 1484 521 1518 formam
548 1488 669 1527 sumite,

288 1532 372 1568 Quae
395 1532 518 1564 virtutis
540 1538 585 1566 est
603 1536 781 1575 speculum3

201 1601 208 1608 .
238 1576 333 1616 Virgo
359 1580 474 1618 templo
501 1580 574 1613 data

286 1623 360 1655 Post
382 1623 466 1657 facta
483 1629 529 1658 est
546 1628 605 1659 Dei
622 1630 781 1670 templum,

239 1669 296 1701 Est
322 1671 411 1710 plebs
435 1672 501 1705 Deo
527 1678 616 1714 grata

287 1717 408 1750 Mariae
432 1729 562 1760 sequens
589 1724 774 1762 exemplum.

207 1825 213 1831 .
238 1800 387 1833 Mirabile

285 1847 370 1880 Deus
399 1853 614 1884 commercium

239 1894 314 1926 Cum
336 1895 469 1928 humano

285 1941 377 1973 inivit
399 1951 512 1982 genere

239 1987 333 2018 Suum
357 1989 446 2020 nobis

285 2034 403 2066 donans
430 2036 593 2079 refugium,

239 2079 355 2111 Nostra
381 2081 510 2121 dignans

282 2126 406 2159 infirma
430 2138 568 2170 sumere3

169 2174 207 2206 V.
236 2173 317 2205 Nam
342 2177 375 2205 ut
399 2180 538 2208 nostrum

285 2225 410 2253 sanaret
433 2223 552 2264 vitium,

239 2268 291 2300 Sic
315 2270 428 2301 amoris

287 2316 374 2349 dedit
397 2317 557 2352 indicium.

838 1402 877 1434 A.

1002 224 1018 255 1
1027 233 1046 254 n
1073 223 1099 255 L
1108 233 1127 255 a
1135 233 1155 254 u
1166 224 1205 255 di
1215 224 1234 255 b
1243 234 1265 255 u
1273 233 1299 257 S.

1050 296 1245 331 Anffiphonae.

880 376 887 383 .
914 351 1035 391 Lauda,
1061 352 1140 383 felix
1164 354 1308 390 ecclesia,

960 398 1072 430 Almae
1094 400 1204 430 matris
1227 399 1403 440 infantiam,

913 444 1008 483 Cujus
1030 444 1182 476 immensa
1204 446 1307 484 gratia.

957 489 1031 521 Tibi
1055 491 1180 530 paravit
1203 491 1344 530 gloriam.

914 546 1037 585 Templi
1062 547 1121 579 Dei
1146 546 1265 578 laribus

958 592 1054 633 Virgo
1083 594 1230 625 dedicata

911 640 941 670 A
966 640 1110 679 supernis
1136 642 1254 672 civibus

959 685 1082 718 Gaudet
1109 688 1244 719 visitata.

878 767 884 774 .
912 742 1019 774 Omnis
1044 744 1109 782 eJ'us
1134 745 1215 776 actio

957 789 992 821 In
1018 789 1120 821 Deum
1144 790 1304 831 tendebat,

910 836 991 867 Toto
1018 837 1101 869 vitae
1124 839 1227 876 spatio

955 883 1104 915 Meritum
1130 884 1272 924 augebat.

877 964 884 970 .
911 938 1068 978 Quidquid
1094 939 1165 979 egit,
1193 940 1316 979 penitus

956 984 1017 1017 Est
1044 984 1146 1018 forma
1170 987 1295 1018 virtutis

910 1032 952 1063 Et
982 1032 1124 1063 doctrina
1146 1034 1286 1073 spiritus,

958 1078 1016 1110 Est
1047 1087 1141 1111 causa
1165 1081 1287 1114 salutis,

877 1157 883 1164 .
912 1133 1065 1171 Quantum
1092 1133 1224 1167 facultas
1249 1136 1376 1176 sufficit,

955 1181 1101 1212 Laudent
1123 1185 1243 1213 mentes
1268 1184 1339 1222 piae

910 1226 990 1258 Nam
1016 1228 1115 1259 omnis
1140 1229 1247 1269 lingua.
1271 1229 1377 1261 deficit

954 1275 983 1306 A
1008 1274 1154 1306 laudibus
1179 1276 1310 1309 Mariae.

1025 1347 1070 1374 Α(1
1089 1348 1270 1376 Benedictus.

907 1403 1096 1436 Benedictus

956 1450 1084 1490 virginis
1108 1449 1200 1492 filius,

907 1497 1047 1536 Replcns
1071 1500 1202 1529 matrem

954 1544 1200 1583 misericordiae,

908 1591 1107 1622 Advocatam

956 1638 1033 1669 dans
1058 1638 1139 1669 hanc
1162 1639 1328 1678 propitius,

909 1683 959 1714 Ne
982 1684 1023 1714 sit
1048 1685 1208 1724 quisquam

956 1739 1071 1770 anceps
1097 1731 1136 1762 de
1161 1732 1260 1763 venia.

978 1824 1025 1856 In
1052 1826 1082 1859 2.
1107 1826 1320 1865 vesperis,

906 1897 1083 1930 Laudemus
1105 1907 1211 1930 omnes
1237 1898 1413 1941 Dominum,

954 1945 1012 1984 Qui
1035 1945 1170 1976 Mariam

999 1991 1142 2030 implevit
1174 1993 1284 2033 gratia,

907 2038 954 2070 Ut
976 2039 1146 2070 mediatrix
1169 2039 1330 2071 hominum

953 2085 1048 2123 Apud
1077 2085 1178 2117 Deum

1002 2134 1084 2162 esset
1105 2132 1253 2171 propitia.

906 2178 994 2210 Haec
1019 2180 1066 2209 est
1088 2181 1189 2210 mater

955 2225 1198 2264 misericordiae,

908 2274 969 2305 Per
993 2281 1084 2311 quam
1109 2273 1195 2304 venit

956 2319 997 2353 ad
1021 2328 1077 2350 nos
1102 2327 1158 2351 rex
1183 2320 1311 2360 gloriae.
