1652 2615
697 137 953 171 —109—

252 228 335 255 b'rev.
364 237 415 256 ms.
436 230 600 257 Lubiccnse
620 239 695 259 saec.
718 230 761 260 15.
802 231 870 259 Cod.
891 231 1025 259 lubicen.
1045 229 1093 263 (01-
1115 229 1168 265 62).
1187 229 1221 256 Α.
1244 244 1278 248 -
1300 229 1382 256 131ev.
1401 229 1471 255 Ver-

176 263 264 292 dense
284 268 352 301 imp.
374 275 397 294 ιε.
418 267 436 293 1.
461 265 589 294 148013.
609 283 647 287 -
666 269 706 296 In
728 268 752 296 1.
769 269 870 305 Vesp.
888 269 908 295 A
929 267 1315 302 5‚1felixfetusA.—1n
1331 264 1356 292 2.
1373 266 1471 300 vesp.

177 301 271 337 Super
291 302 340 329 ΡΒ.
362 301 409 329 ΑΑ
428 304 526 331 fehlcn
545 306 586 340 A,
609 306 714 333 cbenso
734 307 791 334 Per
810 307 949 334 Octavam
970 307 1007 334 ul
1021 306 1089 342 Mag
1089 315 1118 332 n,
1133 304 1164 332 A.
1185 320 1221 324 —
1241 305 1274 332 In
1289 305 1312 332 E
1332 304 1403 339 geht
1421 304 1473 330 (las

176 339 310 367 Officium
330 341 478 368 Jcnsteins
499 342 618 376 verbm-3
639 343 717 371 daun
735 345 809 379 folgt
828 344 875 372 flio
896 344 1020 373 Rubi-ik:
1043 344 1132 377 „Item
1155 342 1213 371 alia
1234 342 1279 369 his
1267 343 1365 374 toiia,
1387 349 1472 377 quarn

176 377 351 412 approbavit
371 379 523 414 episcopus
536 379 721 408 deensisf‘
744 396 779 401 —
795 382 945 416 Hymmn:
966 382 1001 409 In
1025 364 1049 409 L'
1063 381 1163 417 Vcsp.:
1184 380 1275 407 Laeto
1290 379 1411 416 plaudat
1423 378 1471 406 ob-

175 414 276 450 sequio
291 415 422 449 A(Ana1.
437 417 488 450 XI,
502 415 558 451 45),
580 419 671 445 sacia
691 419 831 447 solemnia
850 420 953 447 recolit
965 420 1064 447 debita
1078 420 1100 445 Β
1113 420 1177 450 (An
1177 418 1207 445 11.
1221 417 1332 449 XXIII,
1354 415 1414 450 65),
1435 416 1472 443 ad

179 452 335 489 Complet.:
356 455 470 482 Tenere
490 456 614 483 mundus
629 456 740 492 jubilat
753 457 780 484 A
792 455 886 491 (Anal.
897 457 947 491 XI,
962 456 1018 492 46),
1037 457 1128 485 Laeto
1150 456 1271 493 plaudat
1284 455 1421 490 obsequio
1442 453 1472 480 Β.

610 546 657 578 34.
687 547 729 578 De
749 547 937 579 Visitatione
956 547 1043 578 BMV.

317 614 362 645 In
390 614 420 648 1.
448 617 664 655 Vesperis.

389 679 584 716 Antiphonae.

192 733 221 764 1.
250 731 353 771 Pueri,
381 732 510 764 laudate

249 778 310 810 Pro
336 779 514 811 humilitate

298 826 436 866 Virginis
459 835 543 859 nunc
567 827 745 866 Dominum,

249 873 335 911 Quae
359 877 553 913 praegnatae
577 874 688 906 beatae

248 919 414 952 Elisabeth
441 923 592 961 cognatae

295 967 413 999 Visitat
436 968 618 1007 hospitium.

216 1050 222 1056 .
251 1022 439 1057 Collaudent
464 1024 562 1056 Deum
589 1025 700 1065 populi

294 1070 339 1101 Et
363 1070 517 1110 virginem
542 1074 722 1114 sequantur,

251 1117 313 1149 Per
338 1126 429 1156 quam
454 1118 485 1148 in
512 1117 585 1150 Sion
608 1119 730 1157 scopuli

296 1163 453 1195 Montium
482 1165 684 1196 inclinantur.

217 1246 223 1253 .
249 1220 389 1252 Psallam
412 1219 480 1251 Deo
505 1230 588 1252 nunc
613 1229 650 1252 cx
677 1229 723 1259 co,

296 1266 385 1304 Quod
409 1266 442 1297 in
468 1268 580 1298 throno
605 1267 717 1298 similis

249 1313 324 1347 Cum
351 1316 491 1345 Assuero
518 1314 608 1354 virgo
634 1322 708 1345 vero

297 1361 402 1392 Valde
425 1364 518 1399 paret
540 1361 678 1393 humilis.

218 1443 223 1449 .
253 1416 328 1449 Cum
355 1416 451 1449 ramis
478 1418 518 1449 de
543 1417 709 1449 arboribus

295 1463 345 1494 Dc
369 1463 492 1503 virgine
516 1463 653 1496 fecunda

250 1511 285 1542 In
311 1511 364 1542 via
385 1519 444 1551 pro
470 1512 631 1543 laboribus

296 1557 379 1591 Laus
404 1557 473 1590 Deo
497 1559 539 1590 sit
559 1559 709 1598 jucunda.

214 1639 222 1646 .
249 1614 335 1656 Sion,
361 1615 458 1648 lauda
482 1615 610 1648 Domini

297 1661 419 1694 Nomen
446 1663 486 1695 de
509 1664 657 1703 portante

248 1708 416 1748 Hydriam,
443 1710 499 1741 sed
522 1709 640 1741 homini

298 1755 402 1787 Vitam
430 1757 631 1796 propinante.

370 1820 415 1848 Ad
434 1820 612 1857 Magnificat.

215 1899 220 1904 .
253 1872 277 1906 Ο
304 1873 464 1906 humilitas
489 1874 660 1915 profunda,

253 1920 358 1963 Virgo,
385 1920 454 1954 Deo
480 1930 560 1962 quae
584 1920 729 1964 fecunda,

297 1969 387 2001 Vatis
411 1971 542 2001 matrem
570 1970 687 2008 visitat,

250 2016 302 2048 Ad
326 2016 521 2049 laudandum
546 2026 638 2057 quam
661 2017 802 2057 ,iucunda

250 2062 344 2103 Virgo
370 2067 490 2103 sancta,
516 2065 607 2104 virgo
631 2065 749 2097 munda

295 2110 470 2144 Salutando
495 2112 646 2152 suscitat3

248 2158 369 2190 Laudis
395 2159 502 2192 thema
527 2160 582 2192 dat
604 2159 718 2203 Maria,

250 2204 334 2236 Hinc
363 2210 514 2245 cognatae
539 2207 709 2246 prophetia

297 2252 436 2285 Salutem
461 2254 588 2293 plaudit
612 2253 783 2293 hominum,

250 2300 300 2330 Ac
326 2300 439 2333 devota
463 2301 643 2340 psalmodia

249 2346 354 2378 Laxat
377 2348 504 2380 laudem
529 2348 617 2388 virgo
643 2347 697 2387 pia

297 2393 531 2434 Magnificando
556 2394 734 2428 Dominum.

859 2008 896 2040 V.

871 2113 902 2143 2.

993 619 1022 649 A
1033 617 1052 649 (1
1077 618 1339 649 Matutinum.

1062 682 1275 709 Invitatorium.

928 731 1098 770 Virginem,
1125 738 1204 769 quae
1228 729 1337 760 visitat

973 777 1149 816 Elisabeth,
1176 776 1348 814 laudemus,

927 824 1053 863 Filium,
1076 832 1167 863 quem
1192 823 1322 861 bajulat,

975 872 1068 903 Hunc
1091 870 1193 902 Deum
1217 869 1393 901 adoremus.

989 961 1033 991 ln
1060 959 1091 992 1.
1116 959 1306 990 Nocturn
1316 966 1344 989 0.

1067 1023 1260 1059 Antiphonae.

894 1096 900 1102 .
928 1071 1007 1109 Quid
1034 1079 1153 1102 memor
1179 1072 1226 1100 est
1252 1070 1394 1102 Dominus

976 1118 1053 1158 ejus,
1079 1117 1131 1156 qui
1155 1116 1257 1148 fertur
1280 1118 1312 1149 in
1338 1117 1420 1154 alvo,

928 1164 964 1195 In
990 1164 1074 1203 quod
1099 1164 1146 1194 sic
1167 1163 1317 1195 famulum

978 1211 1080 1242 visitet
1104 1211 1175 1249 ipsc
1194 1211 1308 1241 suum?

928 1266 999 1304 Hic,
1025 1267 1077 1306 qui
1102 1275 1164 1298 non
1186 1266 1296 1298 habuit

975 1322 1147 1345 sermonem
1175 1313 1242 1345 sive
1266 1314 1433 1356 loquelam,

928 1360 965 1392 In
991 1363 1133 1393 cunctam
1159 1364 1277 1392 terram

977 1407 1119 1446 contulit,
1147 1415 1230 1449 ecce,
1255 1416 1375 1439 sonum.

895 1490 900 1495 .
929 1464 1077 1496 Gaudens
1103 1465 1180 1496 tolle
1203 1466 1284 1503 tuas,

976 1512 1062 1543 Deus
1079 1511 1221 1549 intrabit,
1249 1520 1332 1552 caro,
1358 1514 1476 1552 portas,

929 1560 1014 1598 Quae
1038 1561 1175 1590 montem
1200 1559 1336 1599 scandit,

976 1607 1059 1638 hunc
1079 1606 1247 1638 benedicta
1269 1605 1363 1647 gerit.

1067 1675 1274 1710 Responsoria.

896 1748 902 1754 .
929 1723 975 1755 Ut
999 1723 1045 1754 sol
1071 1726 1102 1753 et
1125 1723 1200 1754 luna

976 1770 1092 1810 legitur
1117 1770 1156 1801 dc
1180 1769 1318 1801 millibus
1345 1778 1415 1809 una,

932 1816 1058 1849 Cunctis
1083 1817 1238 1856 praelata,

976 1867 1082 1896 tamen
1108 1867 1156 1895 est
1179 1872 1300 1896 summe
1323 1867 1446 1902 parata,

930 1911 1119 1951 Exemplum
1143 1914 1296 1951 praestat,

976 1964 1010 1990 ut
1028 1968 1165 2001 agamus,
1189 1967 1269 1998 quae
1286 1957 1479 1991 manifestat.

929 2006 989 2047 Qui
1018 2009 1093 2039 sum
1117 2007 1187 2048 hic,
1219 2016 1287 2038 mon
1312 2015 1482 2038 commom-

930 2054 1050 2087 bzmtur
1076 2054 1110 2085 i‘n
1137 2057 1311 2087 aeterwmn.

929 2111 1053 2144 Revera
1080 2119 1173 2143 sacra
1195 2111 1323 2142 nutibus

975 2158 1054 2191 Vult
1078 2159 1166 2199 virgo
1192 2158 1332 2200 obedire,

931 2205 1007 2238 Cum
1024 2207 1172 2247 princeps
1189 2209 1252 2237 stat
1269 2205 1327 2237 sub
1340 2205 1478 2235 manibus

977 2253 1122 2285 Ancillae
1149 2252 1320 2291 deservire,

931 2300 985 2332 Sic
1008 2310 1065 2332 nos
1089 2299 1298 2331 humiliamini

931 2347 995 2379 Sub
1021 2347 1095 2379 forti
1122 2356 1215 2378 manu
1240 2345 1378 2385 Domini,

978 2395 1100 2426 Devotc
1125 2393 1285 2427 oboedire.
