1652 2615
309 231 356 262 In
381 229 412 262 1.
439 229 666 261 Nocturno.

393 312 584 347 Antiphonae.

195 380 223 414 1.
246 379 352 410 Mater
376 379 493 411 Christi
518 378 641 417 seritur,

247 424 354 457 Infans
379 424 452 455 hinc
476 423 636 461 egreditur

248 472 399 503 Processu
421 469 583 502 laudabili.

190 557 209 587 [0

214 580 222 587 .
248 554 308 585 Hic
332 554 405 585 solis
430 554 664 585 tabernaculum

244 600 288 632 Et
311 600 417 640 sponsi
441 599 477 631 fit
499 600 694 637 miraculum,

245 647 308 678 Hic
332 647 422 679 vinea
446 647 586 686 virginea

245 694 295 726 Ex
319 695 419 732 stirpe
444 693 479 725 fit
502 692 648 725 feminea.

192 780 224 811 3.
249 778 310 818 En,
336 786 441 810 semen
464 778 545 818 regis
570 777 663 820 filiae,

245 825 296 857 Ex
320 833 381 865 qua
404 823 524 856 fructus
545 825 663 864 gloriae

247 872 403 903 Processit
425 871 594 911 humiliter,

248 918 369 958 Regnat
392 918 590 950 mirabiliter.

383 1019 585 1055 Responsoria.

191 1087 222 1119 1.
248 1085 417 1125 Conceptio
443 1086 621 1118 veneranda

248 1133 397 1163 Fructum
422 1132 531 1164 salutis
556 1133 718 1172 germinat,

294 1178 379 1218 Ergo
403 1181 510 1209 uterus
534 1178 663 1218 insignis

252 1225 365 1255 Merito
391 1228 438 1255 est
462 1224 630 1265 laudanda,

249 1270 333 1308 Quae
357 1270 440 1301 vitae
464 1279 568 1302 semen
593 1272 724 1304 seminat

294 1316 417 1348 Meritis
443 1318 613 1357 condignis,

180 1365 218 1396 V.
249 1364 352 1395 Corda
375 1372 495 1395 sursum
519 1364 657 1403 vigilent,

249 1409 339 1440 Vitae
365 1418 486 1441 cursum
508 1411 645 1449 J‘ubilent

293 1456 337 1487 Et
359 1457 445 1495 pacis
471 1465 638 1491 accessum.

190 1541 220 1573 2.
247 1540 312 1571 Ista
335 1541 402 1572 sine
427 1541 502 1573 vitio

248 1586 308 1617 Est
329 1585 414 1618 facta
436 1586 607 1628 proportio,

296 1633 379 1671 Quae
403 1635 548 1673 producit
571 1644 683 1675 rorem,

246 1679 330 1717 Quae
354 1689 456 1712 rosam
478 1682 593 1721 rigavit

246 1725 409 1758 Radicitus
433 1728 589 1766 plantavit.

294 1773 506 1805 Praeelectum
530 1773 647 1812 florem,

176 1819 215 1852 V,
246 1818 328 1849 Hinc
347 1821 494 1859 provenit
516 1821 610 1853 hodie

247 1865 310 1896 Ros
333 1867 568 1899 misericordiae

293 1912 342 1943 De
365 1914 480 1945 mundo
505 1915 655 1954 conjugio.

191 1997 221 2027 3.
248 1994 272 2026 Ο
297 1996 486 2029 laudandam
511 1999 636 2030 seminis

291 2042 393 2082 Hujus
416 2043 647 2083 fecunditatem,

245 2088 334 2126 Quod
356 2090 389 2121 in
414 2099 448 2121 se
474 2092 560 2122 ducit
583 2092 712 2132 virginis

292 2136 471 2168 Mirandam
495 2137 666 2170 ubertatem

244 2181 287 2214 Et
312 2184 352 2214 ad
377 2192 411 2214 se
434 2184 531 2215 trahit.
555 2185 689 2216 numinis

293 2229 401 2263 Divini
424 2233 628 2271 potestatem3

174 2276 212 2308 V.
242 2276 311 2307 Hoc
334 2285 446 2317 nempe
471 2281 518 2309 est
543 2278 730 2310 consortium

244 2323 330 2355 Dans
354 2325 464 2356 salutis
488 2325 623 2357 reditum

243 2371 288 2404 Et
310 2371 398 2405 Evae
421 2381 557 2412 purgans
583 2373 700 2406 vitium.

983 224 1030 256 In
1055 224 1085 256 2.
1113 223 1339 256 NocturnO.

1067 295 1262 332 Antiphonae.

862 352 893 385 1.
919 351 1026 383 Oritur
1050 353 1134 392 regis
1158 351 1225 383 filia

918 397 1030 428 Honor
1053 401 1149 436 atque
1174 398 1283 439 gloria,

916 443 1014 480 Quam
1040 443 1175 482 virgines
1199 446 1370 482 sequuntur

915 488 959 520 Et
982 489 1050 529 regi
1075 488 1259 522 offeruntur.

860 546 890 577 2.
918 545 1110 586 Conceptum
1135 542 1291 584 refugium

917 591 1058 631 Benigne
1083 592 1168 624 Deus
1200 592 1298 631 dedit,

919 638 981 669 Per
1005 639 1088 678 quod
1113 639 1155 670 ad
1178 639 1323 669 solatium

917 685 994 716 Tam
1018 685 1114 716 miser
1137 686 1229 716 homo
1254 685 1349 718 redit.

860 743 891 774 3.
915 740 985 771 Hoc
1009 751 1028 773 a
1051 740 1119 772 Deo
1142 740 1383 772 fundamentum

916 787 994 819 Fert
1021 788 1131 819 salutis
1155 788 1393 827 incrementum,

918 835 979 866 Per
1003 835 1086 874 quod
1111 834 1197 865 Deus
1222 835 1388 867 invocatur

915 880 959 911 Et
984 883 1113 913 aeterna
1137 881 1223 912 salus
1250 882 1352 914 datur.

1051 974 1257 1008 Responsoria.

860 1041 891 1072 1.
918 1039 983 1072 Hic
1006 1040 1098 1072 vinea
1119 1041 1282 1079 plantatur

918 1086 1070 1118 Generosi
1095 1087 1232 1126 seminis,

916 1133 978 1164 Hic
999 1135 1099 1165 virtus
1123 1133 1295 1174 radicatur,

849 1180 887 1211 V.
918 1179 1010 1211 Vitae
1031 1180 1114 1211 salus
1139 1180 1229 1211 nobis
1256 1181 1357 1220 datur,

917 1225 998 1256 Nam
1022 1226 1102 1257 imus
1126 1227 1313 1258 vernaculus

916 1273 969 1304 Ad
995 1275 1081 1304 astra
1105 1273 1238 1305 levatur.

861 1330 892 1360 2.
917 1327 978 1367 En,
1004 1336 1108 1360 semen
1133 1330 1193 1361 hoc
1215 1332 1289 1368 post
1303 1328 1463 1361 Abraham

916 1375 1075 1414 Virginem
1103 1375 1222 1415 eduxit,

918 1421 1005 1459 Quae
1027 1422 1161 1463 protulit
1184 1431 1293 1453 verum
1317 1423 1422 1454 Adam

918 1467 962 1499 Et
985 1472 1108 1508 petram
1126 1468 1282 1501 Christum
1304 1469 1453 1507 produxit

848 1514 886 1546 V.
914 1514 1027 1546 Pacem
1051 1514 1129 1546 facit
1152 1516 1237 1554 apud
1262 1516 1363 1547 Deum

919 1560 987 1592 Sibi
1012 1563 1204 1594 concordans
1227 1571 1304 1594 vere
1325 1571 1424 1596 reum.

861 1618 890 1649 3.
917 1616 1004 1648 Sicut
1026 1617 1110 1649 Deus
1135 1618 1256 1649 locutus
1279 1621 1328 1650 est

916 1663 1064 1696 Abrahae
1089 1668 1121 1695 et
1145 1665 1211 1704 ejus
1236 1665 1355 1704 semini,

916 1713 966 1741 Ac
989 1712 1135 1742 misertus
1160 1714 1209 1743 est
1230 1712 1332 1744 Israel

917 1757 978 1788 Per
1002 1766 1133 1797 puerum
1157 1758 1322 1799 Emanuel‚

914 1803 1111 1837 Benedicens
1136 1806 1279 1847 germini,

848 1851 883 1882 V.
915 1850 1008 1882 Unde
1037 1852 1123 1882 venit
1147 1853 1330 1893 castissima,

917 1896 1016 1940 Clara,
1044 1897 1111 1929 Deo
1138 1907 1213 1930 cara

914 1943 1020 1975 Mater
1043 1942 1279 1979 fecundissima.

1456 1495 1464 1511 >

976 2085 1023 2116 In
1049 2086 1079 2117 3.
1106 2085 1330 2119 NocturnO.

1059 2168 1253 2205 Antiphonae.

859 2235 889 2266 1.
913 2234 1003 2265 Haec
1028 2237 1076 2266 est
1100 2236 1282 2271 castimonia

915 2282 952 2313 In
978 2285 1148 2320 conspectu
1171 2282 1307 2327 Domini,

915 2328 1000 2366 Quae
1022 2337 1133 2368 pacem
1157 2331 1266 2364 reddit
1289 2335 1406 2369 homini

914 2374 959 2406 Et
984 2376 1068 2408 vitae
1091 2377 1249 2414 alimonia.
