1652 2615
328 205 374 235 In
400 206 432 237 2.
460 205 670 246 VesperiS.

378 259 424 286 Ad
443 259 621 296 Magnificat.

193 303 233 336 A.
267 304 373 345 Virgo,
400 315 480 345 quae
505 309 625 339 cunctis
651 311 795 348 praelata

262 351 381 391 Ipsum,
408 361 427 383 a
451 362 511 392 quo
537 363 570 386 es
596 356 763 399 plasmata,

263 396 409 430 Inaudito
434 401 528 432 modo
552 403 633 433 miro

266 451 336 479 cod.
350 453 496 496 ’Graecem
517 453 581 483 ⁶257.
603 464 678 483 saec.
701 455 744 484 15.
764 471 802 475 —
824 457 975 492 „Officium
996 459 1031 485 de
1052 460 1138 487 beata
1157 460 1271 493 vii-gine
1290 460 1395 493 Maria,
1418 467 1488 496 qua-

188 495 302 523 cunque
329 490 377 518 die
401 490 557 520 volueris.“
584 508 621 512 —
650 494 806 523 Proseis-2:11
832 496 898 523 sind
923 496 971 523 die
997 494 1019 521 Α
1047 497 1085 524 ad
1110 497 1232 532 Magnis.
1259 498 1290 523 in
1315 497 1366 524 der
1393 500 1489 524 ersten

189 526 301 561 Vesper
328 528 386 554 und
412 528 459 555 die
480 529 548 557 fiinf
564 528 610 557 ΑΑ
631 540 717 566 super
736 533 870 560 Psalmos
890 535 922 560 in
943 533 998 560 den
1017 534 1141 561 Laudes.
1182 534 1338 561 Vielleicht
1356 534 1422 561 sind
1443 534 1490 561 die

188 561 234 607 Aa
256 564 306 590 der
325 566 444 592 kleinen
462 567 565 595 Horen
584 568 631 595 die
650 569 893 605 ursprfingliehen
912 571 1243 606 Laudes-Antiphonem
1265 581 1295 599 es
1318 573 1392 599 xvii-re
1412 571 1489 600 daun

188 609 253 628 emo
266 602 420 630 abhanden
431 603 613 638 gekommen.
626 620 657 624 —
670 607 720 634 Ad
729 607 761 633 M
769 609 831 633 atu
838 610 858 633 t.
869 608 988 635 Invitat.
1000 605 1018 633 2
1028 608 1114 636 debet
1123 609 1186 635 laus
1198 609 1306 644 virgini
1316 610 1436 637 Mariae.
1453 624 1487 627 —

186 639 228 665 In
249 636 276 665 2.
296 640 403 677 Vesp.
425 640 462 667 ad
480 642 603 678 Magnif.
625 641 656 677 Α,
680 643 694 671 1
714 645 805 679 Virgo
826 647 937 672 cunctis
957 646 1115 681 praeclara.

940 208 1083 240 Genu-isti
1108 208 1176 239 sine
1202 208 1278 251 viro,

943 255 1052 294 Neque
1075 255 1209 294 primam
1234 264 1292 287 nec
1309 258 1489 294 sequentem

940 301 1047 333 Habes
1072 302 1131 333 tibi
1155 302 1396 342 ascendentem3

940 350 1042 381 Tanta
1067 349 1160 380 laude
1185 348 1363 389 sublimata,

940 395 1019 427 Esto
1045 396 1135 427 nobis
1153 395 1318 428 advocata.

639 725 679 756 17.
704 726 747 757 De
767 726 862 757 beata
880 727 982 758 Maria
1003 726 1037 757 V.

736 795 893 828 Lectio
918 797 943 828 Ι.

201 857 229 889 1.
259 857 348 889 Mole
373 860 495 899 gravati
521 860 696 903 criminum,
885 864 916 895 3.
943 862 1040 902 Virgo
1065 865 1227 901 materque
1246 863 1373 901 judicis,

253 904 387 945 Regina.
413 909 516 938 mater
541 908 687 951 omnium,

262 950 486 992 Confugientes
511 955 680 997 poscimus,

256 999 378 1031 Adesto
404 1001 521 1032 nostris
547 1001 707 1041 precibus.

200 1056 232 1087 2.
259 1055 421 1087 Aeternae
446 1057 531 1088 vitae
552 1058 659 1097 janua,

255 1103 376 1134 Aurem
402 1103 492 1135 nobis
518 1105 730 1147 accommoda,

256 1149 320 1181 Per
345 1159 435 1189 quam
466 1159 538 1190 spes
563 1151 646 1183 vitae
671 1151 777 1189 rediit,

256 1195 356 1234 Quam
381 1196 452 1228 Eva
474 1206 610 1237 peccans
636 1197 777 1230 abstulit.

945 909 1047 940 Vitam
1074 910 1208 948 deposce
1233 908 1359 940 famulis

940 956 983 987 Et
1007 955 1190 994 poenitendi
1214 957 1319 995 spatia

939 1002 1050 1041 Nobis,
1078 1011 1213 1042 oremus,
1238 1004 1383 1042 impetra.

880 1060 911 1091 4.
937 1058 1074 1097 Exaudi,
1103 1059 1190 1098 virgo
1217 1060 1382 1099 virginum,

938 1104 1037 1135 Nobis
1064 1103 1174 1136 confer
1197 1106 1353 1144 solatium,

939 1151 986 1184 Ut
1009 1153 1195 1190 perpetrata
1217 1152 1363 1191 nequiter

943 1198 1115 1237 Purgemus
1141 1196 1322 1231 efficaciter.

718 1300 879 1333 Lectio
905 1301 946 1332 Π.

196 1366 227 1399 1.
253 1365 336 1397 Vere
361 1366 449 1406 virgo
474 1370 548 1406 post
569 1367 719 1407 genitum,

254 1412 381 1445 Exaudi
405 1422 517 1453 preces
542 1414 733 1454 supplicum,

255 1459 300 1491 Et
325 1461 401 1500 quid
425 1461 569 1500 poscenti
594 1460 747 1493 Dominus

250 1506 323 1539 Tibi
349 1507 477 1548 negavit
499 1507 607 1540 filius?

198 1564 229 1595 2.
257 1563 291 1595 Si
314 1567 437 1596 tantum
462 1566 558 1604 velis3
586 1565 723 1607 domina,

254 1610 410 1645 Delentur
434 1616 544 1645 nostra
570 1612 710 1650 crimina,

255 1658 456 1699 Quapropter
479 1663 511 1692 te
532 1660 715 1699 praecipue,

256 1705 381 1749 Servos,
407 1716 542 1746 oramuS,
568 1706 703 1745 respice.

879 1369 908 1400 3.
933 1367 980 1398 Te
1005 1369 1124 1405 orante,
1151 1367 1359 1404 sanctissima,

937 1413 1123 1445 Sanctorum
1149 1416 1242 1445 orant
1265 1414 1399 1454 agmina,

937 1460 970 1492 Si
995 1465 1028 1493 te
1052 1469 1195 1493 aversam
1219 1461 1398 1501 praevidet,

936 1508 1089 1540 Coelestis
1115 1508 1193 1539 ordo
1221 1508 1366 1540 conticet.

877 1566 909 1598 4.
936 1565 999 1597 Per
1023 1567 1064 1603 te,
1089 1567 1191 1596 mater
1216 1565 1424 1604 sanctissima,

937 1611 1037 1643 Nobis
1062 1613 1195 1644 donetur
1220 1614 1322 1652 gratia

937 1659 1075 1698 'suisque
1099 1659 1218 1690 sanctis
1241 1659 1390 1698 precibus

937 1705 1130 1738 Concilietur
1151 1705 1315 1739 Dominus,

708 1800 865 1832 Lectio
896 1800 957 1834 III.

198 1867 229 1900 1.
257 1867 375 1900 Sancta
398 1867 514 1907 Maria,
541 1867 667 1907 respice

254 1915 431 1956 Precesque
453 1918 578 1948 nostras
604 1914 731 1953 suscipe

255 1963 300 1995 Et
323 1966 456 2004 peccata
480 1962 655 2003 praeterita

255 2010 357 2043 Nobis
377 2010 497 2042 remitti
523 2011 664 2043 obsecra-

194 2070 225 2101 2.
251 2068 389 2107 Exaudi,
416 2069 505 2108 virgo
530 2068 697 2109 virginum,

254 2116 316 2148 Pro
342 2115 434 2147 nobis
459 2124 516 2147 ora
539 2114 650 2151 filium,

253 2162 377 2195 Futura
400 2163 485 2195 mala.
508 2161 644 2203 prohibe

254 2209 445 2250 Miserisque
470 2212 660 2249 compatere.

878 1868 908 1900 3.
935 1866 959 1899 Ο
985 1865 1085 1906 virgo,
1110 1867 1211 1896 mater
1237 1865 1375 1903 Domini,

936 1914 1050 1946 Preces
1074 1912 1204 1945 attende
1226 1912 1347 1952 populi,

935 1961 999 1992 Per
1023 1963 1055 1992 te
1081 1960 1158 1991 cleri
1184 1959 1368 1991 criminibus

886 2036 892 2039 .
935 2009 1106 2047 Ignoscens
1131 2011 1242 2046 parcat
1266 2007 1430 2039 Dominus.

875 2067 907 2098 4.
935 2064 1029 2103 Virgo
1055 2064 1294 2104 gloriosissima,

937 2111 1019 2143 Vota
1044 2111 1167 2151 comple
1191 2109 1327 2142 feminea

934 2159 1063 2198 Nosque
1086 2161 1161 2197 post
1184 2158 1282 2191 vitam
1307 2156 1451 2196 fragilem

929 2206 982 2238 Ad
1010 2213 1115 2237 veram
1141 2205 1263 2244 perduc
1286 2204 1437 2243 requiem.

258 2266 341 2293 Brev.
356 2265 601 2294 Wratislaviense
620 2265 689 2299 imp.
712 2272 734 2290 s.
754 2263 774 2289 1.
795 2264 825 2289 et
844 2269 869 2289 a.
890 2262 924 2289 A.
941 2276 972 2280 —
989 2262 1123 2289 Viaticus
1137 2260 1394 2288 Wratislaviensis
1416 2261 1485 2294 imp.

182 2303 315 2332 Veneriis
350 2302 431 2332 1499.
462 2304 495 2331 B.
522 2318 555 2322 ——
581 2302 716 2329 Viaticus
744 2300 998 2327 WVratislaviensis
1022 2300 1091 2335 imp.
1117 2299 1250 2326 Venetiis
1279 2295 1361 2324 1501.
1390 2297 1420 2324 Ο.
1454 2312 1460 2313 κ

181 2341 231 2368 Le
243 2344 285 2369 ct..
316 2343 340 2370 Ι.
369 2341 401 2377 1,
428 2339 446 2369 3
474 2341 680 2376 Confugientes
708 2339 890 2374 deposcimus
915 2338 953 2372 A3
982 2337 1024 2364 Ad
1049 2340 1079 2364 te
1106 2337 1312 2370 consurgentes
1339 2337 1486 2370 poscimus

183 2379 240 2407 BC.
263 2395 299 2400 —-
320 2381 415 2407 Lect.
434 2379 474 2406 H.
498 2378 521 2412 l,
543 2377 561 2406 3
582 2378 624 2405 Et
643 2377 718 2405 fehlt
738 2376 768 2403 C.
789 2390 826 2394 —-
845 2375 872 2409 4,
892 2375 913 2403 4
931 2376 1148 2404 Reconcilietur
1167 2373 1250 2400 ABG.
