1652 2615
281 234 409 266 Transit
430 243 538 267 saccus
562 236 690 265 nostrae

325 281 454 312 vilitatis
478 282 510 312 in
535 281 666 321 gloriam

276 327 324 358 De
352 329 497 366 squalore

320 376 444 405 terreno
468 375 501 405 in
525 373 693 413 laetitiam3

274 420 387 451 Matris
411 421 442 451 in
467 420 607 459 praemio

321 466 481 497 laudemus
503 465 612 507 filium,

276 512 384 544 Simile
407 515 569 552 sperantes

320 559 358 589 ab
385 567 420 589 eo
445 559 600 598 gaudium.

338 651 396 682 Ad
422 652 685 683 Matutinum.

406 725 616 752 Invitatorium.

272 782 373 813 Filiae
398 781 481 824 Sion,
510 782 695 821 concurrite,

277 829 425 861 Laudare
448 829 549 861 Deum
574 829 724 868 accedite,

279 875 408 906 Festum
431 877 464 907 in
489 876 653 907 condensis
678 876 770 915 agite,

280 922 398 953 Christi
421 925 552 954 matrem
579 922 689 960 canite,

278 968 464 1008 Resurgenti
488 969 599 1001 choros
626 969 739 1001 ducite.

336 1053 383 1084 In
408 1054 438 1085 1.
466 1053 692 1085 Nocturno.

417 1126 607 1161 Antiphonae.

220 1184 249 1214 1.
275 1184 311 1214 In
337 1185 454 1214 terram
477 1183 560 1214 nudo

323 1229 412 1268 grani
433 1231 518 1269 jacto
543 1229 660 1260 semine

277 1275 396 1307 Crescit
421 1277 505 1307 laeta
528 1284 617 1315 seges

322 1330 360 1352 ex
383 1323 440 1354 tali
464 1323 612 1362 germine,

276 1368 328 1399 Sic
350 1369 472 1400 Mariae
496 1378 608 1407 corpus

321 1416 455 1455 resurgit
477 1416 509 1446 in
534 1416 664 1455 gloriam

274 1461 419 1492 Mortalis
445 1470 533 1493 casus

321 1507 464 1539 evincens
489 1508 658 1541 tristitiam.

218 1565 247 1595 2.
275 1563 361 1602 Quod
389 1563 480 1595 homo
504 1564 645 1603 seminat,

320 1610 416 1641 vitam
439 1619 500 1641 non
522 1611 646 1649 accipit,

273 1657 306 1688 Si
330 1665 391 1687 non
415 1657 502 1697 prius
526 1658 635 1688 mortis

319 1703 404 1733 sinus
433 1704 492 1735 hoc
515 1704 647 1743 recipit,

271 1749 342 1781 Jam
368 1750 406 1780 de
430 1751 499 1782 sinu
522 1751 632 1781 mortis

318 1796 405 1835 virgo
429 1797 600 1836 reducitur,

272 1843 356 1881 Quae
380 1843 476 1875 vitam
496 1844 631 1883 peperit,

319 1898 379 1928 qua
406 1899 490 1922 mors
515 1891 673 1922 emoritur.

216 1947 246 1977 3.
273 1945 360 1976 Mors
385 1944 535 1984 absorpta
560 1948 608 1976 est

315 1991 348 2022 in
374 1990 492 2023 Christi
515 1993 657 2032 victoria,

272 2038 363 2068 Vitae
386 2041 486 2070 mater
509 2039 542 2069 in

318 2084 400 2115 vitae
423 2085 508 2116 redit
531 2086 654 2125 gaudia,

272 2130 387 2169 Surgit,
413 2140 493 2171 quae
517 2132 641 2172 dormit,

317 2177 487 2209 suscitante
510 2177 587 2218 filio,

276 2225 390 2264 Fulget
416 2225 551 2257 candens

319 2274 465 2304 aeternae
487 2273 567 2304 lucis
591 2272 691 2304 radio.

214 2330 245 2361 4.
272 2329 347 2360 Post
371 2328 503 2360 hiemem
528 2329 618 2360 verni

316 2374 409 2407 flores
440 2376 513 2408 dum
537 2376 678 2415 rutilant,

817 144 883 172 sle
931 155 974 160 -

947 231 1031 261 Aves
1053 230 1118 269 jai-n
1144 239 1223 262 novo

992 277 1124 316 tempori
1154 276 1358 316 conjubilant,

944 323 1043 354 Matri
1073 323 1189 356 Christi
1215 322 1313 355 turba.

992 370 1185 408 complaudit
1209 369 1336 407 caelica,

944 416 1027 447 Dum
1051 416 1144 454 pleno
1169 416 1271 454 surgit

991 462 1105 502 gaudio
1131 461 1274 493 mirifica.

888 519 918 550 5.
944 519 980 549 In
1006 526 1063 557 spe
1086 520 1198 549 sancta.
1221 517 1308 555 cujus

990 573 1063 596 caro
1088 565 1259 604 quieverat,

944 611 1081 642 Humani
1105 611 1229 652 generis

992 667 1071 697 quae
1094 667 1182 698 spem
1206 659 1386 699 pepererat,

944 706 982 737 In
1008 713 1074 736 rem
1099 706 1166 744 spei
1191 713 1267 736 suae

992 753 1129 792 resurgit
1152 752 1247 783 hodie

946 800 1128 838 Augeantur
1151 799 1261 830 laudes

990 846 1143 877 adauctae
1166 845 1296 885 gloriae.

889 903 920 934 6.
948 901 1056 933 Carnis
1083 902 1292 941 corruptelam

992 949 1063 988 ipsa.
1090 958 1153 980 non
1175 948 1319 988 pertulit,

943 995 1058 1026 Mundi
1083 995 1294 1034 corruptelam

992 1050 1071 1081 quae
1093 1045 1188 1081 partu
1212 1041 1347 1078 sustulit,

943 1088 1013 1120 Nec
1035 1088 1068 1119 in
1092 1091 1224 1120 matrem

988 1135 1123 1167 invaluit
1148 1135 1319 1174 corruptio,

944 1182 1029 1219 Quae
1052 1182 1113 1213 vim
1139 1191 1227 1213 suam

990 1237 1052 1259 non
1076 1229 1177 1260 tenuit
1201 1229 1234 1260 in
1258 1227 1336 1261 filio.

1078 1321 1283 1356 Responsoria.

887 1388 917 1420 1.
945 1387 1087 1419 Christus
1110 1388 1293 1427 resurrexit,

989 1434 1149 1473 primitiae
1174 1435 1403 1472 dormientium,

943 1481 1043 1512 Nobis
1067 1490 1212 1513 reserans
1237 1482 1358 1513 aditum

991 1527 1032 1558 ad
1056 1530 1174 1559 terram
1198 1529 1380 1567 viventium,

941 1574 1006 1612 Quo
1030 1574 1248 1606 intemeratum

987 1629 1098 1659 corpus
1120 1620 1311 1652 transfertur
1334 1622 1438 1662 hodie,

939 1668 977 1699 In
1001 1676 1061 1706 quo
1086 1676 1213 1699 earnem
1237 1677 1271 1699 se

986 1712 1063 1745 fecit
1084 1723 1141 1746 rex
1165 1715 1292 1754 gloriae.

869 1762 907 1793 V.
938 1760 1076 1793 Verbum
1106 1770 1177 1793 caro
1202 1761 1320 1793 factum
1345 1765 1392 1792 est

988 1807 1028 1838 de
1053 1815 1146 1839 carne
1169 1809 1310 1848 virginis,

942 1855 1027 1893 Quae
1050 1863 1133 1886 nunc
1156 1858 1326 1887 renovatur

987 1901 1021 1932 in
1047 1901 1160 1933 decore
1182 1903 1318 1937 luminis

884 1959 915 1988 2.
940 1958 1040 1996 Virgo
1066 1958 1224 1998 singulare

987 2004 1139 2042 templum
1163 2005 1230 2037 Deo
1256 2009 1286 2037 et
1311 2007 1438 2050 homini,

939 2050 1157 2089 Exspectabat
1180 2052 1304 2085 beatam
1329 2063 1418 2093 spem

987 2100 1080 2136 atque
1104 2099 1274 2130 adventum
1296 2100 1434 2141 Domini,

941 2144 1037 2175 Venit
1060 2144 1138 2185 ipse,
1164 2147 1217 2185 qui
1242 2151 1381 2186 venerat,

990 2193 1138 2232 exsurgit,
1165 2202 1245 2232 quae
1270 2195 1450 2227 dormierat.

873 2237 910 2270 V.
939 2238 1151 2270 Resuscitavit

990 2287 1082 2324 pater
1105 2285 1205 2318 filium

942 2332 986 2363 Et
1009 2334 1140 2364 matrem
1162 2333 1246 2366 filius

987 2379 1020 2409 in
1045 2381 1201 2419 gandium.
