1652 2615
245 227 323 269 Ave,
344 227 446 266 plena
469 230 591 271 qratia,

293 274 372 305 mihi
400 276 572 318 protulisti,

245 320 340 352 Nune
364 321 575 354 amaritudine

293 375 361 399 sum
387 369 510 408 repleta
534 370 630 409 tristi,

246 414 482 454 Subsequenter
505 417 669 457 inquiens:

293 461 458 496 Dominus
485 466 529 496 est
550 467 672 503 tecum;

247 508 329 550 Heu,
354 510 443 548 jacet
466 510 499 541 in
526 511 657 551 tumulo,

293 557 387 588 modo
412 566 475 589 non
502 561 550 589 est
574 566 715 599 meeum3

174 603 213 636 V.
243 603 353 636 Omnis
377 603 568 645 benedictio,

295 659 386 691 quam
413 653 447 682 tu
472 651 684 692 spopondisti,

246 698 308 729 Est
332 706 417 729 nunc
441 699 474 730 in
500 698 694 730 contrarium

293 747 427 786 propter
451 748 586 777 mortem
610 746 742 781 Christi.

337 858 385 890 111
410 858 641 892 Laudibus,

394 933 590 968 Antiphonae.

190 991 221 1023 1.
247 991 330 1023 Erat
353 990 469 1031 Maria,
495 994 597 1023 mater
621 993 686 1032 pia,

294 1038 389 1070 Foris
414 1038 543 1077 plorans
565 1039 692 1081 acriter,

246 1086 367 1126 Regem
389 1085 500 1117 mundi
526 1084 690 1118 furibundi

292 1133 376 1165 Dum
402 1133 578 1164 tractarent
602 1133 720 1168 viliter.

187 1191 221 1222 2.
246 1190 347 1228 Quam
370 1191 502 1228 putatur

292 1238 396 1268 mater
420 1236 641 1275 maestissima,

243 1284 327 1316 Dum
353 1283 443 1315 videt
467 1286 576 1314 natum

291 1332 381 1370 virgo
404 1330 591 1370 justissima,

245 1378 318 1410 Non
344 1380 392 1409 est
418 1378 518 1419 dolor,

292 1428 328 1457 ut
352 1425 464 1457 matris
489 1425 622 1465 virginis

243 1473 383 1505 Mortem
408 1472 564 1512 plorantis

289 1520 352 1553 Dei
378 1522 410 1551 et
433 1520 579 1553 hominis.

184 1579 215 1610 3.
240 1578 351 1617 Agnus
376 1576 462 1608 mitis

291 1627 387 1663 caput
411 1624 574 1656 excutiens

244 1672 340 1705 Heloi
366 1672 483 1704 clamat

290 1720 324 1751 in
350 1727 443 1750 cruce
466 1719 616 1758 moriens,

241 1767 363 1800 Videns
388 1767 448 1798 hoc
471 1769 573 1798 mater

291 1823 362 1847 cum
385 1814 456 1854 ipso
478 1814 610 1855 patitur,

242 1862 296 1894 Ad
322 1862 493 1894 clamorem

288 1909 357 1942 fere
381 1910 593 1942 commoritur.

189 1969 222 2002 4.
250 1968 377 2001 Clamor
403 1966 522 2000 Christi

291 2017 426 2047 matrem
451 2015 624 2056 angustiat,

244 2063 358 2095 Nullus
382 2063 529 2102 planctus

291 2111 493 2150 plangentem
518 2110 624 2152 satiat,

242 2157 419 2196 Utriusque

291 2212 413 2237 summa
437 2205 624 2245 compassio,

245 2251 328 2282 Nam
352 2250 528 2290 praecessit

295 2306 416 2329 summa
442 2297 579 2329 dilectio.

191 2356 223 2388 5.
251 2355 276 2387 O
303 2354 395 2394 quale
422 2354 604 2395 divortium,

251 2400 329 2434 Cum
352 2403 455 2432 mater
479 2401 609 2440 reliqu-it
632 2399 743 2443 filium,

232 2462 359 2487 Dreves,
375 2458 497 2482 Historiae
511 2458 664 2486 rhythmicae.
694 2458 734 2482 IV.

790 134 855 169 145
906 153 948 157 —

927 230 1132 268 Salvatorem,

975 277 1028 317 qui
1052 274 1128 306 fecit
1152 274 1323 316 saeculum,

926 323 1137 356 Lacrimando

973 378 1105 411 sequens
1130 368 1327 408 discipulum.

1043 453 1089 481 Ad
1107 452 1291 481 Benedictus.

857 513 897 545 A.
931 513 1103 552 Tamquam
1127 511 1209 543 latro
1232 509 1355 549 capitur

974 558 1113 597 undique
1138 557 1335 598 constrictus,

928 606 1088 645 Caeditur,
1115 604 1298 645 conspuitur

973 653 1075 693 alapis
1100 650 1255 690 afflictus,

928 700 953 732 Ο
978 699 1087 731 matris
1112 698 1283 740 angustum,

975 747 1051 778 dum
1070 746 1194 778 videret
1213 746 1314 777 ictus!

929 795 991 826 Pro
1016 792 1105 825 nobis
1130 793 1210 824 haee
1230 792 1369 823 tolerans

974 841 1017 872 sit
1039 848 1096 872 rex
1118 839 1315 873 benedictus,

995 946 1040 977 In
1067 945 1097 977 2.
1125 943 1342 982 vesperis.

856 1021 895 1052 R.
926 1020 1070 1059 Benigna
1094 1018 1171 1051 Jesu

975 1069 1077 1098 mater
1101 1066 1224 1104 eximia,

928 1113 988 1151 Qui
1011 1116 1066 1145 tua
1090 1120 1235 1153 egressus
1262 1114 1310 1142 est

975 1161 1113 1192 claustra
1141 1159 1292 1199 virginea,

929 1208 1007 1240 Cum
1030 1207 1080 1238 his
1105 1205 1256 1246 pacificus

976 1253 1080 1286 factus
1106 1256 1155 1285 est
1177 1253 1293 1292 incola,

929 1303 958 1333 A
983 1301 1095 1341 quibus
1122 1301 1203 1333 dura

974 1356 1146 1388 perpessus
1172 1350 1220 1379 est
1243 1346 1379 1379 verbera

928 1397 990 1428 Per
1015 1395 1073 1427 filii
1097 1395 1144 1426 tui

974 1444 1103 1474 cruenta
1128 1443 1259 1474 vulnera

929 1490 1028 1521 Nobis
1050 1497 1210 1529 succurre,

975 1537 1063 1577 virgo
1082 1544 1250 1576 puerpera.

855 1585 892 1617 V.
924 1585 1047 1624 Regina
1072 1584 1160 1626 caeli,

972 1633 1094 1663 laetare
1119 1639 1189 1662 cum
1210 1630 1324 1670 jubilo,

926 1679 1008 1711 Nam
1033 1680 1152 1718 natum,
1179 1686 1271 1718 quem
1296 1678 1421 1718 plangis

974 1727 1114 1758 clausum
1137 1726 1171 1758 in
1195 1726 1325 1765 tumulo,

924 1774 1083 1814 Resurget
1106 1782 1182 1805 vere

973 1830 1092 1853 summo
1120 1821 1258 1852 diluculo

926 1869 1034 1902 Omnis
1060 1868 1167 1900 ablato

973 1919 1171 1956 contemptus
1197 1915 1384 1955 opprobrio,

1043 2001 1089 2030 Acl
1108 2000 1281 2037 Magnificat

854 2073 894 2104 A.
926 2071 950 2103 Ο
978 2071 1067 2109 Jesu,
1091 2068 1140 2101 fili

972 2118 1073 2157 patris
1099 2117 1258 2159 altissimi,

923 2166 982 2204 Qui
1006 2174 1065 2204 pro
1090 2164 1182 2196 nobis
1209 2165 1249 2196 dc
1273 2165 1398 2205 virgine

971 2214 1064 2246 natus
1090 2210 1191 2254 fuisti,

925 2260 970 2291 Et
999 2261 1125 2292 nostras
1150 2258 1295 2290 miserias

973 2307 1006 2338 in
1034 2314 1167 2344 corpore
1191 2305 1293 2336 tulisti

925 2354 976 2385 Ac
1003 2352 1134 2385 tandem
1158 2353 1192 2384 in
1219 2360 1312 2383 cruce

976 2403 1109 2432 mortem
1135 2399 1303 2437 sustulisti,

1278 2452 1313 2482 10
