1652 2615
738 138 994 173 —151—

288 231 382 272 Crux,
408 231 544 272 flagella,
572 233 664 273 clavi,
691 234 811 273 spinae,

286 279 394 318 Livor,
420 282 535 318 tumor,
560 280 675 319 plagae
699 282 813 320 quinae

334 325 468 358 Gladius
493 329 567 357 suut
591 327 723 360 animae.

228 392 259 423 3.
287 392 350 424 Cor
375 391 558 431 praedulce,
586 401 639 424 cor
663 393 779 425 amoris

286 437 407 470 Globus
433 437 536 471 factus
562 442 611 471 est
636 440 764 478 doloris,

333 486 399 517 Vas
424 486 654 525 amaritudinis,

285 531 346 563 Fel
371 541 441 564 cum
466 533 539 565 vino
562 536 785 573 praeparatum

287 579 340 619 Os,
369 588 432 619 cor,
459 580 599 620 linguam
621 584 652 611 et
676 581 816 620 palatum

338 625 518 666 Stupefecit
533 628 676 667 virginis

228 694 259 724 4.
284 692 417 731 Quando
444 692 589 725 Christus
615 693 794 724 vinculatur

287 739 406 771 Palmis
433 738 546 781 foedis,
572 738 752 780 flagellatur

334 786 470 818 Strictus
495 785 603 826 flagris
624 787 779 829 plurimis,

288 833 384 873 Virgo
410 834 506 865 corde
529 834 687 872 lacessita,

286 881 382 920 Quasi
407 879 490 912 foret
515 881 583 913 sine
608 882 682 923 vita,

338 927 466 959 Corruit
490 928 654 961 exanimis,

230 995 261 1026 5.
287 993 392 1026 Extra
417 997 522 1025 castra
548 994 660 1025 ductus
685 993 788 1036 Jesus,

286 1041 430 1079 Vinctus,
458 1044 578 1080 sputus,
597 1041 710 1081 pugnis
729 1049 837 1072 caesus

332 1088 464 1120 Crucem
489 1087 553 1119 fert
576 1088 608 1119 in
633 1088 803 1130 publicum,

287 1135 393 1166 Mater
417 1143 550 1174 sequens
575 1144 688 1174 agnum
713 1135 821 1165 mitem

286 1181 541 1221 Repraesentans
567 1181 761 1213 Sunamitem

334 1229 452 1260 Natum
478 1227 574 1260 deflet
597 1228 732 1259 unicum.

402 1312 448 1340 Ad
469 1311 647 1347 Magnificat.

213 1381 253 1413 A.
285 1380 309 1412 Ο
335 1379 450 1417 Maria,
476 1382 564 1411 stans
589 1379 647 1410 sub
674 1387 767 1410 cruce

285 1427 516 1466 Triumphante
542 1426 667 1458 Christo
694 1426 774 1458 duce

332 1475 395 1506 Per
419 1475 552 1505 mortem
577 1473 802 1514 turpissimam,

289 1520 393 1553 Corde
417 1523 540 1561 martyr
565 1520 724 1561 exstitisti,

284 1569 413 1607 Anceps
437 1567 531 1607 ensis,
558 1575 648 1607 quem
674 1568 811 1607 sensisti,

332 1615 433 1647 Tuam
456 1615 572 1646 transit
594 1615 740 1648 animam.

283 1662 383 1694 Dolor
408 1662 512 1701 cessit,
541 1671 610 1693 cum
635 1663 782 1703 surrexit,

285 1709 387 1741 Nobis
413 1710 498 1741 vitae
522 1717 611 1748 spem
636 1710 781 1748 porrexit

333 1757 523 1788 Praesidens
547 1756 580 1787 in
606 1756 722 1795 gloria3

285 1804 353 1836 Fac
376 1812 444 1843 nos,
470 1803 570 1843 virgo,
596 1811 671 1834 suae
695 1803 806 1835 mortis

284 1851 329 1883 Et
350 1851 468 1883 doloris
493 1851 541 1881 tui
565 1848 658 1881 fortis

331 1898 472 1930 Fervere
496 1898 657 1930 memoria.

350 2032 411 2063 Ad
438 2031 705 2063 Matutinum.

420 2106 635 2134 Invitatorium.

283 2166 473 2197 Recolentes
499 2164 660 2196 Christum
684 2171 812 2202 passum

280 2213 324 2244 Et
347 2213 380 2244 in
404 2222 462 2244 ara
486 2212 587 2244 crucis
613 2220 718 2242 assum

330 2259 393 2291 Pro
419 2259 536 2291 nostris
561 2258 745 2299 sceleribus,

282 2307 381 2338 Matri
405 2316 481 2340 suae
505 2307 710 2339 condolentes

283 2354 492 2386 Procidamus
519 2356 742 2394 congementes

330 2401 434 2442 Super
455 2404 589 2433 mortem
615 2400 684 2432 filii.

1021 233 1080 265 Ad
1109 232 1375 264 Nocturnum.

1097 305 1291 341 Antiphonae.

931 391 937 398 .
964 364 1178 396 Immolandus
1201 363 1289 402 ligna
1312 363 1403 402 gerit,

966 411 1052 443 Patri
1075 419 1189 450 parens
1211 410 1315 441 locum
1340 409 1463 449 quaerit

1012 457 1217 489 Patriarchae
1239 456 1343 496 filius;

966 505 1066 538 Cruce
1090 505 1234 537 Christus
1260 506 1417 542 oneratus,

963 552 1089 584 Maesta
1112 553 1214 582 matre
1239 551 1404 582 comitatus

1009 599 1188 630 Damnatur
1216 598 1371 630 innoxius,

931 698 938 705 .
966 673 1095 706 Calvum
1120 673 1228 704 rident
1250 672 1422 714 Elisaeum,

965 720 1072 752 Jesum
1097 720 1224 763 nudum,
1252 728 1359 751 verum
1384 719 1496 758 Deum,

1011 767 1195 800 Illudebant
1218 767 1349 806 aemuli;

965 814 1047 846 Dum
1072 814 1118 846 sic
1142 816 1249 845 natum
1276 814 1495 854 dehonestant,

964 861 1111 893 Dolorosi
1137 861 1375 892 commolestant

1011 908 1127 940 Matris
1151 910 1288 938 mentem
1313 907 1441 938 stimuli.

907 1005 937 1016 ..
964 983 1158 1023 Protoplasti
1183 985 1385 1022 peremerunt

965 1031 1089 1072 Omnes,
1119 1039 1196 1069 quos
1220 1033 1466 1070 progenuerunt,

1010 1077 1077 1108 Esu
1100 1077 1187 1115 pomi
1211 1077 1319 1115 vetiti,

964 1123 1075 1155 Dulcis
1100 1123 1187 1165 Jesu,
1213 1123 1376 1154 redemisti

965 1171 1068 1203 Corde
1092 1170 1178 1201 laeso
1203 1172 1305 1201 matre
1329 1170 1414 1200 tristi

1010 1218 1093 1256 Quos
1121 1217 1311 1248 damnarunt
1334 1216 1465 1256 perditi.

1104 1310 1310 1345 Responsoria.

933 1405 939 1410 .
966 1377 1055 1409 Sicut
1079 1377 1171 1416 spina
1196 1385 1287 1408 rosae
1311 1375 1419 1408 florem

964 1424 1037 1456 Non
1061 1425 1207 1455 immutat
1231 1424 1283 1456 vel
1306 1424 1445 1466 odorem,

1013 1471 1089 1503 Cum
1114 1473 1235 1502 crescat
1260 1471 1404 1512 vicinius,

964 1518 1015 1550 lta
1039 1518 1129 1558 virgo
1153 1520 1240 1549 tuam
1263 1521 1400 1549 mentem

966 1565 1094 1597 Cunctis
1120 1565 1210 1597 donis
1235 1565 1432 1596 redolentem

1011 1613 1116 1644 Furor
1141 1611 1223 1652 fugit
1247 1612 1368 1644 obvius.

965 1661 1064 1692 Immo
1090 1659 1202 1691 videns
1226 1658 1382 1699 flagellari

963 1707 1008 1738 Et
1031 1707 1064 1737 in
1091 1715 1184 1737 cruce
1209 1707 1387 1737 conclavari

1011 1754 1114 1786 Tuum
1138 1753 1391 1795 primogenitum,

965 1800 1129 1833 Patienter
1153 1799 1325 1831 sufferebas

963 1848 1008 1880 Et
1032 1850 1214 1879 constanter
1238 1847 1423 1887 requirebas

1011 1895 1152 1927 Dextrae
1182 1894 1243 1926 Dei
1269 1894 1421 1935 digitum;

926 1969 932 1975 .
964 1941 1081 1975 Confer
1106 1951 1198 1982 opem
1222 1944 1278 1973 tua
1300 1951 1405 1985 prece,

1011 1990 1061 2022 Ne
1085 1990 1194 2021 mundi
1219 1990 1415 2029 prosperitas

964 2037 1031 2070 Nos
1057 2040 1206 2070 excaecet
1230 2046 1287 2068 sua
1311 2036 1401 2069 faece

1011 2085 1071 2117 Vel
1095 2087 1221 2125 premat
1245 2085 1433 2117 adversitas.

931 2186 938 2193 .
965 2161 1151 2193 Perennalis
1175 2163 1277 2192 mater
1304 2161 1399 2199 vitae,

966 2209 1086 2240 Videns
1115 2208 1215 2248 pungi
1239 2208 1322 2239 latus
1348 2208 1424 2238 mite

1012 2256 1150 2288 Militari
1173 2256 1296 2296 lancea,

965 2303 1113 2335 Maluisti
1139 2303 1186 2334 sic
1209 2301 1334 2333 turbari

965 2351 1009 2383 Et
1036 2360 1090 2382 cor
1115 2353 1204 2380 tuum
1229 2348 1389 2380 vulnerari

1016 2398 1093 2430 Cum
1119 2397 1264 2428 dolorum
1291 2394 1422 2439 framea,
