1652 2615
730 129 987 165 —177—

220 223 250 254 3.
275 221 382 254 Hodie
407 231 521 262 corpus

324 271 453 300 nostrae
477 269 664 303 humilitatis

275 315 324 346 De
347 317 494 348 terrenae
518 325 650 356 surgens

322 362 418 392 sorde
442 362 575 394 vilitatis

277 406 483 440 Reformatur
509 411 541 440 et
562 418 620 448 per

323 455 457 494 gratiam
482 455 696 496 configuratur

275 501 324 533 De
350 510 385 533 se
409 505 483 534 nato
510 504 635 542 corpori

326 548 454 581 divinae
478 549 644 582 claritatis.

204 594 243 626 V.
274 594 425 627 Sanctum
451 598 500 627 est
524 597 676 635 templum

322 644 420 679 tuum,
446 642 593 684 Domine,

274 686 426 719 Mirabile

321 735 356 765 in
380 735 549 774 aequitate.

218 792 250 823 4.
276 790 415 823 Matrem
442 790 571 830 Christi,

321 846 414 877 quam
439 837 546 869 decuit,
565 838 755 881 sanctitudo,

274 885 312 917 ln
339 894 432 924 quam
454 884 579 924 gratiae

323 932 491 964 descendit
514 931 690 970 plenitudo,

275 978 533 1011 Resurrectionis

319 1029 413 1056 ornat
436 1024 642 1064 pulchritudo

271 1072 316 1104 Et
345 1075 502 1112 perpetua

321 1119 442 1150 dierum
466 1118 642 1157 longitudo.

204 1165 243 1198 V.
273 1166 428 1198 Dominus
453 1167 602 1204 regnator

321 1213 468 1244 decorem
491 1211 597 1242 induit

276 1260 318 1292 Se
343 1262 375 1290 et
398 1268 476 1298 eam,
502 1266 582 1297 quae

327 1306 487 1338 Christum
518 1313 613 1336 carne
637 1303 755 1344 genuit.

335 1429 380 1460 In
406 1429 438 1461 2.
464 1426 696 1459 Nocturno.

422 1500 618 1536 Antiphonae.

217 1561 248 1593 1.
278 1560 389 1593 Carnis
413 1560 603 1591 vetustatem

323 1607 413 1647 virgo
436 1607 502 1646 J'am
527 1606 656 1645 repulit,

275 1655 362 1693 Quae
385 1656 526 1685 nostram
552 1652 592 1683 de
616 1660 651 1683 se

320 1701 493 1732 novitatem
513 1699 658 1738 protulit,

276 1747 399 1786 Gaude,
427 1747 541 1778 chorus
563 1746 631 1784 jam

321 1794 480 1833 baptismo
504 1795 685 1833 renovatus,

273 1843 379 1880 Atque
403 1849 510 1880 spera,
535 1839 618 1878 quod

321 1896 468 1928 resurgas
492 1886 568 1918 hinc
588 1886 711 1918 beatus,

215 1948 247 1978 2.
274 1944 422 1977 Adduxit,
444 1943 599 1976 Dominus

319 1994 449 2023 ventum
476 1990 514 2023 de
542 1990 678 2030 deserto,

272 2040 323 2072 De
348 2041 459 2071 ventre
482 2037 657 2069 thalamum

319 2086 424 2118 carnis
449 2095 512 2118 non
538 2087 680 2128 experto,

269 2134 331 2166 Ille
355 2136 468 2166 ventus
496 2140 591 2163 urens

318 2181 419 2212 siccat
442 2179 553 2213 mortis
579 2188 686 2217 venas,

269 2228 349 2268 Ejus
372 2229 407 2260 in
431 2237 467 2259 se
489 2235 640 2268 rumpens

319 2278 351 2306 et
373 2276 408 2306 in
429 2278 532 2307 matre
555 2274 706 2306 habenas,

210 2335 241 2367 3.
268 2332 358 2366 Sicut
381 2333 554 2364 renovatur

319 2379 445 2418 aquilae
466 2380 626 2419 Juventus,

255 2439 275 2461 D
282 2444 294 2460 r
300 2444 311 2461 e
317 2443 332 2459 v
337 2443 350 2459 e
356 2443 366 2458 s
374 2454 380 2464 ,
397 2437 518 2462 Historiae
531 2437 687 2465 rhythmicae.
715 2437 756 2461 [v.

957 225 1005 257 Ita
1030 232 1128 256 novus
1151 223 1184 253 in
1211 225 1242 253 te

1005 272 1100 303 decor
1128 272 1176 300 est
1199 270 1355 309 inventus,

957 318 1038 350 Dum
1063 316 1200 355 resurgis

1003 365 1046 396 ad
1070 371 1176 395 vocem
1198 361 1266 401 filii,

956 411 1063 452 Virgo,
1091 418 1183 441 carne

1001 459 1129 490 vincens
1156 457 1250 488 decus
1273 454 1343 486 lilii.

925 541 931 548 .
958 515 1065 554 Virgo,
1093 521 1173 552 quae

1005 560 1269 592 resurrectionem
1292 556 1411 596 genuit,

955 608 1053 639 Flore
1075 604 1315 638 resurrectionis

1003 651 1154 690 refloruit,

956 700 1036 740 Spes
1060 699 1089 730 ei
1113 699 1276 738 reponitur

1004 747 1037 778 in
1061 754 1153 776 usum
1177 745 1234 784 rei,

958 794 1040 826 Olim
1065 801 1157 831 quam
1183 794 1324 832 gesserat

1003 841 1036 871 in
1061 839 1131 870 sinu
1154 837 1240 870 fidei.

923 921 930 928 .
957 896 1103 928 Summae
1127 893 1260 936 virginis

1006 951 1079 974 ossa
1099 942 1165 981 ,iarn
1191 939 1377 981 glorificata,

958 990 996 1021 In
1022 994 1127 1020 terrae
1151 987 1269 1027 gremio

1004 1035 1093 1075 prius
1118 1035 1293 1076 humiliata,

956 1082 1128 1114 Exsultant
1150 1082 1184 1112 in
1209 1080 1324 1120 spiritu

1005 1137 1124 1159 summo
1149 1127 1285 1168 spiritui,

960 1175 1118 1207 Gaudium
1147 1178 1179 1205 et
1202 1174 1325 1206 laetitia

1005 1222 1120 1253 dantur
1144 1220 1275 1252 auditui.

922 1305 930 1311 .
956 1277 1031 1310 Cum
1056 1277 1099 1308 ad
1119 1280 1161 1317 te,
1186 1277 1284 1317 Deus,

1001 1324 1102 1356 omnis
1125 1332 1198 1355 caro
1224 1323 1338 1362 veniet,

956 1372 1072 1403 Votum
1095 1371 1129 1402 in
1154 1370 1331 1404 Jerusalem

1004 1419 1079 1450 Sion
1104 1416 1258 1457 perficiet,

955 1466 1001 1497 Te
1027 1466 1118 1497 decet
1143 1465 1290 1506 hymnus,

1007 1512 1058 1552 qui
1083 1520 1241 1551 nunquam
1268 1510 1404 1553 deficiet,

957 1559 1026 1591 Nec
1048 1559 1118 1590 laus
1142 1561 1217 1590 tuae
1240 1558 1351 1589 matris

1004 1605 1099 1637 finem
1123 1606 1274 1638 inveniet.

1096 1689 1304 1723 Responsoria.

925 1782 931 1789 .
957 1755 1122 1792 Ascendat
1145 1764 1206 1787 vox
1229 1763 1315 1786 nunc

1004 1811 1120 1834 canora
1141 1801 1340 1841 jubilatione,

956 1851 995 1882 ln
1017 1849 1158 1889 jucunda
1181 1857 1322 1880 summae

1004 1897 1115 1929 matris
1141 1896 1383 1936 resurreetione,

956 1945 1042 1984 Quae
1067 1952 1235 1984 resurgens
1261 1943 1302 1974 ad
1327 1943 1473 1976 bravium

1005 1991 1141 2031 duplicis
1168 1999 1311 2030 coronae,

953 2039 1081 2079 Regnat
1104 2041 1224 2070 certato
1248 2038 1356 2078 itaque

1004 2085 1141 2118 feliciter
1165 2093 1275 2125 agone.

884 2134 924 2166 V.
956 2133 1060 2166 Corde
1083 2135 1113 2164 et
1136 2142 1242 2173 manu,
1269 2135 1377 2172 gentes

1003 2180 1198 2220 redemptae,
1220 2180 1375 2220 plaudite,

957 2228 1040 2269 Regi
1064 2230 1097 2259 et,
1119 2228 1251 2268 reginae

1001 2275 1163 2316 sapienter
1187 2273 1325 2314 psallite.

895 2334 927 2366 2.
953 2333 992 2365 In
1019 2331 1216 2365 decachordo

1000 2378 1152 2420 psalterio
1179 2387 1248 2410 cum
1274 2379 1399 2411 cantico

1305 2432 1339 2462 12
