1652 2615
709 116 914 140 -1—

556 203 648 235 Patet
673 202 707 234 in
731 203 819 243 signo
843 204 956 245 baculi,

555 249 622 288 Quo
647 257 781 289 erupere
802 248 935 282 flosculi.

557 296 783 335 Christophore
808 297 933 329 Christo
959 300 1057 338 grate,

556 343 657 375 Ferre
686 343 846 375 Christum
871 348 1061 384 comparate,

556 391 715 423 Christum
741 390 843 422 emisti
868 391 1018 431 sanguine

556 437 640 469 Fuso
665 446 723 477 pro
749 437 815 477 ejus
840 439 973 469 nomine.

557 484 580 516 Ο
605 485 674 515 laus
699 482 828 523 formae,
857 492 919 523 qua
944 484 1066 524 ditaris,

554 531 637 562 Nam
663 539 721 570 per
745 530 902 563 Christum
927 531 1105 570 coronaris3

554 578 640 617 Ergo
664 578 740 609 satis
767 577 1005 618 commendaris,

556 624 639 656 Dum
665 623 909 663 christophorus
934 625 1067 657 vocaris,

555 671 600 702 Et
623 679 707 702 nunc
730 669 790 708 fac,
813 674 848 702 ut
874 671 1052 710 depreceris

557 717 668 757 Deum,
695 726 755 756 quo
779 716 843 748 fmi
866 718 1007 757 mereiis,

556 765 617 796 Pro
641 766 749 796 nostro
775 765 963 806 gravamine,

556 811 622 849 Quo
647 819 814 850 gravamur
839 811 978 843 crimine.

259 863 330 899 Auf
359 865 427 900 (len
457 865 504 900 hl.
531 864 730 909 Onuphrius
760 865 876 900 finden
900 866 962 899 wir
985 865 1022 899 in
1043 864 1122 898 dem
1147 863 1237 898 1488
1263 875 1306 899 zu
1330 864 1461 908 Neapel

164 922 377 963 gedruckten
402 921 566 956 Brevia-e
592 921 653 957 der
682 920 874 956 C'olestiner
899 922 975 955 eine
1000 921 1156 956 'ahnliche
1175 920 1461 956 Commemoratio

164 978 202 1012 in
227 979 333 1013 etwas
358 978 601 1013 verwilderten
626 978 776 1012 Versen:

583 1036 607 1068 O
633 1034 792 1074 refulgens
817 1035 850 1065 in
875 1034 1036 1065 altissimis

628 1081 774 1113 Lucerna
797 1080 971 1121 beatoium,

580 1128 697 1160 Vivens
721 1128 755 1159 in
780 1127 961 1167 asperrimis

628 1175 690 1207 Pro
715 1173 816 1213 gloria
837 1175 1004 1215 justorum,

581 1221 699 1254 Sitiens
724 1221 914 1252 dulcissimis

627 1267 753 1299 Meritis
778 1270 958 1299 sanctorum

582 1314 696 1348 Onut'ri
718 1313 861 1352 mirifice,

580 1362 642 1393 Dei
668 1360 829 1393 confessor
852 1361 970 1398 inclite,

627 1408 724 1449 Apud
746 1408 851 1447 ipsum
876 1407 1064 1439 altissimum

627 1455 706 1487 Esto
730 1456 872 1486 nostrum
897 1453 1062 1493 refugium,

581 1502 626 1534 Ut
653 1503 716 1533 tuis
740 1500 1024 1541 supplicationibus

581 1549 739 1581 Fruamur
761 1548 794 1579 in
821 1548 1008 1580 coelestibus

628 1595 824 1634 Sempiterno
848 1595 940 1627 bono.

255 1653 433 1697 Folgende
470 1651 692 1696 Antiphonen
730 1649 790 1684 auf
824 1650 891 1685 den
926 1650 972 1685 hl.
1008 1649 1223 1684 Bernhardin
1260 1658 1327 1683 von
1360 1647 1466 1683 Siena

161 1709 278 1746 finden
311 1709 382 1745 sich
414 1710 450 1744 in
484 1709 546 1743 der
579 1707 709 1751 Prager
740 1706 802 1741 Hs.
836 1704 902 1740 VII
930 1705 965 1740 H
990 1704 1029 1747 8,
1063 1705 1174 1739 einem
1198 1704 1463 1739 Franciskaner-

161 1766 310 1803 Diurnal
344 1765 404 1800 des
437 1764 492 1798 15.
518 1763 636 1800 Jahrh.
684 1762 752 1798 Die
786 1764 877 1797 erste
908 1761 1089 1796 (lerselben
1121 1761 1167 1796 ist
1198 1760 1298 1794 Anal.
1322 1759 1365 1801 V,
1396 1759 1463 1793 155

161 1824 197 1858 in
228 1824 296 1858 den
319 1821 435 1857 Noten
467 1821 637 1864 erwahnt‚
673 1820 757 1855 aber
779 1817 1114 1853 irrti'imlicherweise
1139 1817 1234 1852 nicht
1256 1815 1464 1858 vollstanclig

161 1880 353 1924 mitgeteilt,
377 1878 535 1914 worden:

604 1935 629 1968 O
655 1934 808 1974 splendor
832 1931 1016 1972 pudicitiae,

652 1982 779 2013 Zelator
802 1979 1012 2019 paupertatiS,

604 2030 740 2061 Amator
762 2026 971 2065 innocentiae,

653 2076 763 2108 Cultor
788 2073 988 2114 virginitatis,

603 2125 774 2156 Lustrator
798 2121 983 2161 sapientiae,

650 2172 818 2203 Protector
847 2168 1001 2206 veritatiS,

604 2219 690 2251 Ante
714 2217 860 2249 thronum
886 2214 1043 2255 fulgidum

651 2267 812 2298 Aeternae
836 2262 1011 2303 majestatis

604 2315 689 2346 Para
716 2312 806 2344 nobis
832 2311 953 2345 aditum

650 2360 788 2394 Divinae
811 2359 954 2398 pietatis,

748 2478 824 2528 1ὂᾶ
