1652 2615
723 145 765 153 Α..

288 224 348 257 Ad
372 220 709 265 Magnitutinum.

391 299 604 326 Invitatorium.

259 355 348 395 Regi,
375 355 428 393 qui
451 356 533 395 regit,
557 355 669 392 omnia,

304 401 429 433 Christo
454 399 667 441 confiteamur,

258 448 354 479 Sacra
380 448 469 485 cujus
493 447 629 486 insignia

302 493 470 532 Redempti
493 501 686 524 veneramur.

319 587 365 618 In
389 586 419 618 1.
446 586 672 618 NocturnO.

403 650 596 685 Antiphonae.

221 733 229 739 .
255 708 356 747 Reges
381 709 416 737 ut
439 716 515 739 vasa
538 705 626 746 figuli

302 756 340 787 In
364 753 426 785 fine
451 753 695 795 confiingentur,

257 801 314 839 Qui
339 801 450 834 summi
476 800 558 841 regis
583 801 695 832 aemuli

303 847 491 887 Sanguinem
517 856 576 879 non
603 849 759 880 verentur.

225 929 232 935 .
259 904 423 935 Adversus
448 903 508 934 Dei
533 901 629 934 filium

303 951 413 982 Plures
437 950 682 992 insurrexerunt,

258 997 415 1028 Nocentes
439 997 471 1027 in
495 997 654 1027 innoxium

303 1043 450 1075 Omorem
477 1042 662 1077 effuderunt.

224 1125 231 1132 .
257 1099 356 1139 Beati,
384 1107 514 1137 quorum
539 1099 622 1129 oculi

303 1147 488 1177 Praesentes
511 1146 770 1185 contemplantur,

255 1193 344 1231 Quod
368 1194 416 1223 tot
439 1194 593 1223 terrarum
620 1193 728 1231 populi

306 1238 463 1270 Absentes
489 1242 687 1270 venerantur.

385 1312 590 1347 Responsoria.

220 1395 227 1401 .
253 1369 401 1400 Redemit
424 1378 480 1400 nos
505 1370 536 1400 in
559 1368 687 1401 brachio

304 1417 412 1447 saneto
438 1425 492 1447 suo
518 1415 679 1447 Dominus.

252 1463 385 1494 Animas
409 1465 533 1493 nostras
556 1463 713 1494 redimens

302 1510 341 1540 de
364 1507 481 1540 inferni
505 1509 658 1549 manibus,

255 1555 329 1587 Cum
356 1555 396 1587 ad
420 1555 484 1586 ima
506 1556 674 1587 inclinatus

299 1602 383 1634 servi
407 1600 539 1633 formam
564 1604 694 1642 aceepit.

214 1675 220 1680 .
250 1649 368 1680 Nostra
392 1649 433 1680 ad
458 1658 579 1682 summa
602 1651 709 1681 unctio

252 1695 374 1727 Natura
398 1700 523 1735 sumpta
547 1696 683 1728 humana

300 1744 387 1774 Haec
413 1746 462 1773 est
483 1742 654 1774 inclinatio.

219 1823 226 1829 .
253 1798 289 1829 In
314 1806 392 1838 paee
416 1801 555 1830 nostram
580 1800 714 1830 animam

298 1845 470 1883 redemisti,
495 1845 638 1884 Domine,

251 1891 388 1923 Mortem
413 1892 569 1923 sustinens
594 1893 738 1924 acerbam

297 1938 433 1970 maxima
456 1939 598 1977 caritate,

251 1984 318 2022 Qua
337 1993 427 2016 nemo
452 1987 557 2023 potest
580 1986 728 2024 majorem

296 2040 355 2062 nec
379 2031 511 2062 similem
536 2031 662 2064 habere.

211 2102 220 2111 .
248 2078 313 2110 Per
337 2079 418 2109 hanc
441 2080 524 2109 tuam
550 2079 728 2116 passionem

254 2124 344 2155 Pacis
369 2124 479 2155 salutis
504 2127 650 2156 aeternae

297 2172 435 2210 Gapaces
460 2181 517 2203 nos
541 2170 654 2203 fecisti.

250 2228 335 2266 Quae
362 2227 535 2268 plasmator
558 2237 621 2259 11011
645 2228 761 2268 rapuit,

296 2284 351 2306 suo
376 2275 471 2306 solvit
495 2275 653 2316 sanguine,

249 2321 315 2360 Quo
340 2331 396 2354 nos
421 2331 440 2353 a
463 2321 601 2362 peccatis
626 2322 713 2360 lavit,

293 2372 330 2400 ut
353 2372 513 2401 consortes
538 2369 657 2408 gloriae

816 130 955 162 24-—

932 222 1009 254 Gum
1035 222 1142 253 electis
1166 221 1199 254 in
1224 221 1331 262 patria.

978 277 1034 301 nos
1060 267 1178 300 faceret
1202 269 1235 299 in
1260 268 1331 302 fine.

862 315 899 346 V.
929 316 1074 346 Animam
1100 324 1188 346 suam
1212 324 1270 353 pro
1295 323 1389 355 grege

932 362 988 393 Pie
1015 361 1091 392 dare
1117 361 1223 399 voluit,

979 409 1023 441 Ut
1044 410 1188 446 expertes
1210 408 1365 438 miseriae.

994 502 1039 532 In
1065 501 1096 531 2.
1123 500 1350 532 Nocturno.

1074 564 1269 600 Antiphonae.

873 621 903 653 1.
930 621 1090 660 Sanguini,
1115 630 1206 661 quem
1232 630 1307 661 gens
1329 622 1427 660 impia

975 668 1092 699 Latere
1115 667 1200 700 fudit
1226 668 1353 706 Christi,

929 715 1085 747 Devotum
1112 724 1181 746 cum
1204 715 1325 747 laetitia

977 762 1200 801 Impendamus
1225 762 1384 795 honorem.

872 819 903 850 2.
931 819 968 850 111
994 821 1058 856 tua,
1085 818 1170 860 Jesu,
1197 819 1306 858 requie

976 865 1042 897 Nos
1067 867 1169 896 tecum
1193 866 1394 904 gaudeamus,

932 912 1027 951 Cujus
1053 912 1234 951 sanguinem
1261 912 1356 944 hodie

978 960 1015 991 In
1038 960 1133 990 terris
1159 959 1356 994 honoramus,

873 1016 902 1047 3.
929 1015 1047 1047 Christi
1071 1015 1171 1047 latere
1194 1023 1343 1054 percusso

978 1062 1112 1101 Sanguis
1135 1061 1226 1093 fluxit
1250 1063 1407 1100 salutaris,

933 1108 1128 1140 Christicolis
1153 1110 1351 1141 venerandus

977 1156 1082 1193 Atque
1106 1154 1363 1195 magnificandus.

1065 1229 1271 1264 Responsoria.

876 1277 904 1308 1.
931 1276 1011 1316 Lux,
1039 1285 1119 1319 ecee,
1147 1275 1247 1316 fulget
1271 1278 1366 1309 hodie

976 1324 1112 1362 Magnae
1136 1324 1354 1362 solemnitatis,

929 1370 1054 1402 Laudes
1081 1371 1283 1402 exsolvantur
1306 1372 1378 1411 piae

977 1417 1089 1448 Datori
1114 1417 1273 1456 bonitatis,

931 1463 980 1494 Ne
1003 1466 1091 1495 tanta
1117 1464 1199 1495 dona
1223 1465 1344 1503 gratiae

975 1510 1097 1542 Collata
1113 1511 1182 1542 ·sint
1207 1510 1349 1550 ingratis.

856 1556 894 1588 V.
923 1557 1023 1588 Laete
1045 1557 1163 1596 psallat
1187 1558 1329 1598 ecclesia,

926 1603 1074 1635 Laudans
1100 1613 1204 1644 regem
1229 1605 1348 1644 gloriae

972 1651 1035 1683 Pro
1062 1651 1151 1682 donis
1176 1650 1238 1682 sibi
1260 1652 1370 1689 datiS..

868 1708 900 1739 2.
926 1707 962 1737 In
986 1707 1099 1746 Phase,
1125 1707 1209 1747 quod
1234 1709 1429 1748 praecipitur

972 1754 1102 1793 Moyses
1127 1754 1302 1795 immolare,

925 1800 989 1832 Sub
1015 1801 1087 1840 agni
1111 1804 1187 1841 typo
1214 1802 1354 1833 creditur

974 1848 1040 1879 Lex
1065 1848 1222 1879 Christum
1250 1848 1425 1889 designare,

923 1894 1027 1932 Hujus
1052 1894 1178 1933 sanguis
1204 1893 1374 1927 effunditur

971 1941 1008 1971 In
1035 1940 1135 1971 Phase
1156 1941 1304 1976 salutare.

856 1986 891 2019 V.
921 1986 992 2018 Hoc
1020 1995 1166 2026 aspersus
1190 1996 1253 2019 11011
1277 1989 1425 2031 laeditur,

924 2033 1006 2065 Nam
1029 2034 1070 2064 ad
1096 2042 1166 2065 eum
1189 2043 1253 2066 11011
1276 2037 1392 2068 sinitur

971 2081 1144 2113 Percussor
1167 2084 1344 2121 penetrare.

866 2137 900 2169 3.
927 2137 1070 2169 Christus
1094 2137 1127 2168 in
1152 2139 1255 2177 patris
1281 2141 1375 2173 vinea

970 2185 1034 2216 Pro
1058 2183 1148 2215 nobis
1177 2186 1347 2229 vapulavit,

924 2230 1007 2262 Dum
1032 2229 1167 2262 fructum
1193 2240 1269 2271 gens
1292 2242 1425 2266 erronea

971 2278 1109 2309 Petitum
1135 2278 1314 2320 denegavit,

924 2324 1062 2356 Insontis
1087 2325 1170 2357 latus
1196 2326 1307 2368 lancea

974 2371 1118 2403 Crudelis
1142 2371 1330 2412 perforavit.
