1652 2615
228 221 294 254 Per
315 222 411 256 beata
434 225 566 258 vulnera

277 269 393 303 Sacrae
417 273 574 310 passionis

230 315 297 348 Nos
320 319 465 358 supernis
490 321 617 360 applica

275 364 354 396 Post
378 374 500 397 cursum
527 368 644 407 agonis,

374 439 419 467 Ad
439 439 565 467 Sextam.

161 496 201 526 A.
232 493 295 526 Sex
318 496 448 528 millena
472 502 662 531 sexcentena

276 541 418 575 Vulnera
439 543 544 584 beata,

226 587 389 628 Sexagena
417 592 512 629 atque
534 600 611 623 sena

275 636 344 667 Illis
373 640 554 677 aggregata,

227 680 327 713 Nobis
352 692 371 714 a
393 685 525 723 perenni
550 693 654 724 poena

277 728 348 760 Sint
371 730 471 761 tutela
494 734 595 770 grata.

373 804 419 831 Ad
440 804 564 831 Nonam.

155 858 195 892 R.
227 861 316 899 Agno
342 862 506 892 vulnerato

274 907 314 937 de
337 917 418 947 pura
441 908 564 947 virgine
585 912 659 941 nato

226 954 303 986 Cum
327 963 423 994 prece
449 955 563 986 devota

271 1002 442 1033 modulizet
473 1003 580 1034 concio
604 1005 681 1034 tota.

841 233 877 265 V.
906 231 1093 266 Adoramus
1145 236 1190 274 te,
1242 233 1381 279 Christe,
1434 237 1461 267 et

908 281 1120 314 benedicimus
1159 281 1234 321 tibi,
1283 283 1361 322 quia
1400 292 1461 323 per

901 329 1047 367 pretiosa
1105 328 1240 360 vulnera
1296 330 1458 363 redemisti

907 376 1076 407 mundum.

977 459 1024 491 In
1048 462 1079 493 2.
1105 460 1320 500 vesperis.

1025 524 1069 551 Ad
1089 523 1265 559 Magnificat.

838 582 877 612 A.
909 581 1014 613 Hodie
1039 582 1167 613 coelesti
1191 591 1306 621 sponso

952 628 1068 667 jubilet
1092 629 1225 659 ecclesia

909 674 970 705 Pro
995 683 1121 706 suorum
1147 677 1179 705 et
1201 684 1361 708 sacrorum

954 722 1118 753 vulnerum
1141 723 1301 762 memoria,

909 767 970 799 Sex
995 769 1123 800 millena
1146 771 1335 801 sexcentena

954 823 1119 847 numerosa
1144 815 1246 854 gratia

908 861 1070 901 Sexagena
1094 864 1188 901 atque
1211 870 1287 894 sena

951 912 1025 948 post
1047 909 1130 940 vitae
1153 909 1309 940 curricula

907 956 1050 987 Paradisi
1075 956 1115 987 ad
1141 964 1272 988 amoena

952 1011 1009 1033 nos
1034 1003 1209 1041 perducant
1234 1004 1358 1042 gaudia.

228 1083 348 1119 Antiph.
379 1093 431 1112 ms.
460 1084 696 1112 Fredeslariense
725 1092 800 1113 saec.
828 1083 871 1111 14.
921 1084 990 1112 Cocl.
1018 1084 1164 1112 Gasselan.
1191 1085 1245 1112 Ms.
1276 1086 1364 1114 theol.
1389 1085 1452 1114 Fol.

155 1118 216 1147 129.
242 1122 276 1147 A.
303 1137 340 1141 --
364 1121 483 1156 Antiph.
508 1130 561 1149 ms.
581 1122 815 1149 Fredeslariense
844 1130 919 1148 saec.
942 1120 985 1148 14.
1026 1121 1094 1149 Cocl.
1117 1121 1262 1149 Casselan.
1282 1124 1337 1150 Ms.
1365 1124 1452 1151 theol.

151 1158 213 1184 Fol.
236 1156 298 1185 124.
319 1159 352 1184 B.
371 1173 408 1177 —
429 1158 512 1185 Brev.
533 1168 585 1186 ms.
601 1159 835 1187 Fredeslariense
855 1167 930 1185 saec.
953 1156 996 1186 13.
1034 1159 1102 1186 (tod-
1124 1159 1272 1186 Oasselan.
1289 1161 1344 1187 Ms.
1364 1161 1452 1189 theol.

150 1195 212 1222 Fol.
244 1193 306 1223 139.
337 1196 401 1223 add.
434 1204 508 1223 saec.
537 1195 580 1223 14.
608 1196 639 1224 O.
672 1211 709 1215 —
740 1198 822 1225 BreV.
847 1205 899 1223 ms.
929 1196 1163 1223 Fredeslariense
1188 1205 1262 1224 saec.
1292 1196 1335 1225 14.
1382 1198 1451 1226 God.

151 1231 299 1260 Casselan.
319 1234 375 1261 Ms.
395 1233 483 1260 theol.
502 1233 565 1260 Fol.
588 1232 651 1261 146.
670 1235 707 1261 D.
731 1250 767 1255 ——
786 1235 870 1261 Brev.
887 1242 940 1261 ms.
962 1234 1184 1261 carmelitarum
1205 1243 1280 1262 saec.
1301 1234 1345 1262 15.
1384 1235 1452 1264 Octl.

152 1270 298 1298 Casselan.
318 1272 374 1298 Ms.
394 1270 483 1298 theol.
503 1272 565 1298 Fol.
586 1269 632 1299 38.
655 1272 690 1298 E.

224 1318 266 1344 In
294 1316 318 1345 1.
343 1319 515 1354 Vesper-is
536 1317 558 1344 A
587 1317 616 1351 1,
642 1317 659 1346 3
681 1320 762 1353 Quae
786 1319 941 1346 influxerat
965 1327 1036 1354 gens
1062 1319 1177 1346 fenusta
1199 1319 1235 1346 E.
1264 1335 1300 1339 -
1326 1319 1348 1346 A
1378 1319 1407 1354 1,
1433 1319 1453 1347 4

151 1354 302 1382 Conditori
320 1356 356 1383 E.
384 1370 422 1375 --
447 1353 469 1381 Α
489 1353 523 1389 4,
555 1354 570 1382 1
590 1357 671 1383 Vasa
690 1357 783 1384 fulcra
801 1356 836 1383 Ε.
862 1371 899 1375 -
927 1355 948 1382 Α
969 1354 1001 1390 4,
1026 1354 1046 1383 4
1067 1356 1252 1392 aggredinom
1272 1357 1307 1384 E.
1332 1374 1369 1377 —
1392 1358 1413 1384 A
1434 1357 1451 1384 5

148 1393 316 1457 ἲέοῗιαὲειῗὶὲ
327 1402 355 1421 u.
380 1403 412 1458 2ss
430 1393 476 1457 is}
495 1395 559 1458 {Ine
583 1394 727 1458 {QssIeikt}
749 1393 792 1421 als
813 1394 962 1458 {lmzifipsson
987 1393 1145 1458 νῗῗξιηῧάέ
1172 1408 1208 1412 -
1228 1395 1290 1459 A&
1299 1396 1396 1460 Essagn.
1418 1393 1450 1427 A,

216 1439 232 1457 e
319 1450 325 1456 .
346 1446 384 1451 —
419 1439 439 1457 n
479 1451 486 1457 .
537 1439 576 1458 oe
598 1450 603 1456 .
682 1452 688 1465 ‚
746 1439 874 1458 cruciavi
929 1450 935 1456 .
956 1445 993 1449 —-
1064 1451 1070 1464 ‚
1141 1439 1249 1467 agrum
1293 1452 1299 1465 ‚
1333 1441 1451 1469 rag-eum

149 1467 184 1493 Ε.
206 1482 242 1485 -
263 1466 285 1493 Α
310 1466 335 1503 1,
355 1467 375 1496 4
394 1470 553 1496 excutiavit
571 1469 607 1496 E.
628 1483 666 1487 —
686 1467 708 1495 A
729 1467 755 1504 3,
778 1467 796 1495 2
815 1477 969 1496 numerose
983 1469 1019 1496 E.
1039 1483 1077 1487 —-
1091 1466 1111 1494 Β
1132 1466 1158 1502 2,
1181 1467 1196 1495 1
1218 1478 1280 1506 sqq.
1294 1470 1450 1498 Exultatus

148 1506 180 1531 in
200 1505 280 1539 ligno
302 1508 395 1534 crucis
416 1505 502 1533 Jesus
522 1506 657 1543 Christus
678 1509 731 1534 etc.
751 1507 911 1542 prosaisch.
932 1506 967 1533 E.
988 1520 1024 1524 —
1049 1504 1069 1531 Β
1090 1503 1125 1538 3,
1149 1504 1163 1533 1
1184 1515 1245 1542 sqq.
1268 1507 1315 1534 Ex
1334 1508 1451 1535 <livinae

147 1544 277 1570 caritatis
297 1543 438 1571 beneficio
461 1546 514 1570 ete.
539 1544 690 1579 prosaisch
708 1544 744 1573 E.
766 1558 803 1562 —
825 1542 845 1569 Β
866 1542 897 1577 3,
924 1541 942 1571 8
962 1544 1049 1571 corde
1070 1543 1159 1577 edite,
1179 1545 1272 1572 bibite
1294 1546 1330 1572 D.
1352 1560 1389 1564 —
1408 1547 1450 1573 In

148 1577 173 1606 2.
194 1581 293 1608 Noet.
321 1579 343 1607 Α
369 1580 401 1615 2,
430 1579 445 1608 1
468 1582 572 1609 Coetus
592 1582 627 1609 E.
657 1596 695 1600 —-
720 1582 760 1609 111
780 1579 806 1609 3.
827 1582 924 1609 Noet.
945 1579 967 1607 A
993 1580 1023 1615 1,
1050 1580 1064 1608 1
1090 1589 1132 1616 sq.
1160 1590 1209 1609 cor
1236 1591 1331 1610 meum
1350 1583 1387 1610 E.
1414 1597 1451 1602 —-

147 1615 170 1643 Α
194 1616 222 1651 1,
249 1617 269 1645 4
288 1618 359 1646 Sum
383 1619 497 1646 afflixus
517 1619 553 1646 E.
573 1635 610 1639 —
630 1617 653 1645 A
674 1618 705 1654 2,
732 1618 750 1646 2
769 1619 904 1647 Floribus
925 1619 1108 1646 humanitate
1128 1620 1161 1646 Β.
1181 1635 1212 1638 -
1240 1619 1261 1645 Α
1283 1619 1314 1654 2,
1342 1619 1360 1648 3
1379 1621 1451 1648 Vul-

146 1658 249 1683 nerata
268 1656 333 1683 DE.
359 1672 396 1676 ——
420 1654 443 1682 A
464 1654 497 1689 3,
526 1656 543 1684 5
563 1658 748 1684 Humili‘satis
771 1657 844 1684 fehlt
862 1658 898 1684 D.
920 1672 956 1676 —
978 1655 998 1682 Β
1022 1655 1053 1691 1,
1082 1655 1099 1683 2
1119 1656 1288 1685 Atromento
1308 1659 1349 1692 D,
1376 1662 1450 1686 atre-

147 1696 243 1720 mento
263 1693 304 1728 E3
330 1694 448 1721 femoris
468 1694 542 1721 fehlt
560 1695 597 1722 D.
618 1710 655 1714 —
677 1693 697 1721 Β
718 1693 751 1728 2,
774 1692 788 1720 1
811 1695 834 1722 Ο
855 1703 970 1722 sacrum
988 1694 1024 1721 Ε.
1044 1709 1082 1712 -
1105 1691 1125 1718 Β
1146 1692 1177 1726 2,
1200 1692 1217 1721 3
1237 1695 1339 1723 lancea
1358 1697 1393 1723 E.
1415 1710 1450 1715 -—

147 1728 167 1755 Β
195 1729 227 1763 2,
254 1729 274 1758 4
297 1731 368 1758 Cum
396 1732 468 1758 diris
492 1732 618 1759 vinculis
645 1733 828 1760 cohortatum
849 1733 913 1759 DE.
942 1747 977 1750 —
1002 1732 1054 1758 Ad
1079 1731 1235 1758 Laudas.
1274 1733 1319 1760 Ad
1344 1733 1450 1761 Bened-

148 1766 182 1801 A,
209 1767 226 1794 7
246 1769 325 1795 Vera
349 1770 429 1796 victa
453 1771 546 1796 morte
571 1772 651 1797 certa
668 1770 705 1797 D.
726 1783 762 1788 —-·
782 1769 823 1796 In
842 1768 867 1796 2.
888 1770 1072 1805 Vesperis.
1112 1768 1157 1795 Ad
1175 1769 1273 1806 Magn.
1296 1769 1335 1803 Α,
1363 1770 1380 1798 2
1403 1772 1450 1807 ju-

146 1806 254 1833 bileuu·
272 1807 308 1833 Ε.
327 1821 365 1825 --
385 1805 416 1841 A,
440 1804 475 1833 10
494 1807 602 1842 perduc
620 1808 656 1835 E.
677 1822 712 1826 —
731 1808 800 1835 Per
816 1807 943 1835 Horas.
983 1806 1030 1834 Ad
1048 1805 1175 1835 Primam
1189 1805 1221 1840 A,
1242 1806 1258 1835 9
1278 1817 1450 1837 veneremur

146 1844 183 1870 D.
204 1858 241 1862 —
261 1844 319 1872 Die
337 1845 534 1881 zugeh61·igen
553 1845 691 1880 Hymnen
711 1846 761 1872 cfr.
784 1845 869 1873 Anal.
889 1846 1001 1878 XXIII,
1022 1845 1072 1872 Nr.
1095 1841 1216 1872 32—35.

525 2003 552 2033 5.
583 2002 627 2033 De
646 2002 806 2034 Effusione
826 2002 994 2042 Sanguinis
1014 2003 1072 2034 DN.

898 2091 1030 2131 Depone
1053 2091 1168 2123 mentis
1192 2092 1344 2132 nubilum,

945 2139 1082 2179 Tempus
1104 2141 1153 2169 est
1176 2139 1327 2179 laetitiae,

992 2186 1075 2218 Cura
1099 2186 1140 2216 sit
1164 2191 1293 2218 semota.

898 2233 1013 2265 Omnes
1040 2237 1148 2266 terrae
1168 2234 1280 2273 populi

899 2280 1045 2312 Laudent
1069 2283 1229 2313 auctorem
1254 2282 1382 2320 saeculi,

942 2329 1006 2361 Per
1031 2336 1122 2368 quem
1147 2330 1234 2359 'tanto
1258 2329 1380 2368 gratiae

991 2375 1087 2416 Signo
1112 2375 1297 2415 gloriantur.

284 2091 331 2123 In
357 2092 388 2125 1.
414 2091 632 2131 Vesperis.

331 2146 377 2174 Ad
395 2146 574 2182 Magnificat.

141 2195 183 2227 A.
213 2194 238 2227 Ο
265 2195 391 2228 Christo
417 2195 496 2228 haec
519 2195 611 2235 plebs
637 2195 749 2227 addita

212 2241 257 2273 Et
281 2242 347 2281 ejus
375 2243 456 2275 dono
477 2243 637 2283 praedita,

259 2289 450 2322 Jucunderis
474 2290 581 2330 hodie,

306 2337 388 2372 Tot-a
412 2336 456 2370 sis
483 2338 607 2380 devota,

211 2384 389 2424 Erumpens
413 2384 447 2416 in
469 2385 606 2424 jubilum
