1652 2615
757 143 988 179 -91-

429 235 635 271 Responsoria.

260 307 267 313 .
294 283 446 315 Occasum
473 284 562 323 virgo
588 287 711 326 nesciit,

293 329 389 361 Velut
412 330 467 361 lux
491 333 608 363 mundo
632 331 762 371 profluit

339 377 389 408 De
420 386 540 408 summo
565 377 701 410 fundens
725 380 840 421 lumen,

292 423 460 455 Elisabeth
486 424 650 463 applicuit,

290 470 430 502 Devotas
453 471 513 502 sibi
540 473 671 503 attrahit

337 517 386 549 De
412 518 498 549 caelo
522 520 665 556 pandens
690 528 822 561 numen3

251 588 256 594 .
289 564 428 603 Spiritus
453 565 538 604 rapit
562 566 707 606 symbola

290 611 487 643 Caelestibus
514 612 687 644 conformia

335 658 509 697 Tamquam
539 667 689 698 aquarum
713 658 837 692 flumen.

255 738 262 745 .
289 714 450 745 Thi-onum
475 715 555 745 lucis
580 719 797 754 prospexerat,

290 761 376 799 Quae
400 764 436 792 ut
459 770 574 793 aurora
597 761 730 793 fulserat

334 808 407 840 Sole
431 816 524 840 mane
548 812 705 849 surgente,

284 855 451 887 Elisabeth
475 855 531 886 ubi
555 856 637 887 vidit

287 903 453 942 Verbaque
478 902 583 942 palam
606 903 740 942 protulit

334 950 470 989 Speculo
495 951 657 986 suadente,

246 1021 252 1028 .
282 998 319 1029 In
340 997 464 1029 Mariae
488 997 668 1035 praesentia

283 1045 381 1076 Plura
404 1046 515 1083 patent
534 1043 667 1076 latentia

329 1090 495 1123 Elisabeth
523 1090 656 1122 dicente.

226 1168 256 1176 ·.
283 1147 449 1180 Elisabeth
475 1155 514 1177 ex
539 1154 634 1185 opere

285 1195 451 1235 Signorum
478 1193 533 1224 dat
557 1201 615 1232 pro
638 1192 770 1232 pignore

329 1241 465 1273 Mariam
488 1240 647 1281 invocare,

282 1289 380 1327 Quam
407 1287 510 1328 gratia
536 1286 767 1318 constrinxerat

277 1336 323 1368 Et
346 1336 448 1375 pietas
473 1335 693 1375 commoverat,

328 1383 473 1413 Vetulam
498 1381 638 1413 visitare.

241 1457 246 1463 .
276 1429 391 1462 Nullus
418 1427 545 1460 diffidat
567 1427 661 1459 hodie

282 1478 335 1509 Ad
359 1476 496 1507 Mariam
521 1473 678 1507 confluere

329 1523 459 1563 Sibique
483 1522 674 1561 supplicare.

366 1619 412 1650 In
435 1615 663 1649 Laudibus.

421 1671 614 1707 Antiphonae.

247 1749 252 1754 .
280 1722 378 1754 Sacra
404 1720 493 1752 dedit
518 1720 642 1760 eloquia

279 1769 384 1801 Maria
408 1767 610 1807 responsoria

327 1814 495 1848 Elisabeth
520 1813 674 1852 laudanti,

280 1863 435 1896 Clamavit
459 1861 527 1893 Deo
553 1860 708 1892 canticum

275 1909 510 1952 Magnificando
535 1907 705 1940 Dominum

323 1959 373 1991 De
398 1966 521 1989 sursum
547 1956 662 1988 bonum
689 1954 786 1987 danti.

240 2041 247 2047 .
274 2016 364 2048 Tunc
390 2013 560 2046 exsultavit
583 2013 715 2052 animus,

277 2063 354 2096 Cum
377 2062 478 2102 ipsius
504 2061 546 2092 sit
569 2060 653 2093 filius

320 2110 442 2148 Angelo
466 2109 641 2148 nuntiante,

271 2158 400 2190 Ancilla
424 2156 486 2188 Dei
509 2156 655 2193 credidit,

274 2204 458 2237 Confessum
483 2203 615 2235 verbum
640 2201 747 2242 genuit

320 2252 426 2285 Maria
445 2251 654 2291 supplicante.

217 2310 248 2341 3.
275 2309 359 2342 Vera
382 2307 560 2340 humiliatio

273 2356 350 2388 Fuit
375 2355 493 2388 Christi
519 2354 683 2393 conceptio

316 2403 385 2435 'Deo
410 2402 609 2442 respiciente,

911 411 942 442 4.

908 719 937 749 5.

968 240 1019 272 Ex
1040 239 1100 271 hoc
1123 238 1298 271 laudabunt
1320 237 1435 279 singuli

968 287 1102 319 Mariam
1128 289 1260 318 matrem
1286 286 1405 317 saeculi

1016 334 1158 373 Ipsamet
1179 333 1225 364 sic
1251 333 1383 365 dicente.

969 409 1088 449 Magna
1110 407 1245 448 perfecit
1269 407 1422 439 Dominus

969 457 1006 488 In
1031 455 1155 488 Mariae
1181 454 1348 486 virtutibus

1015 502 1117 534 Deum
1142 502 1357 541 concipiendo,

966 549 1020 580 Fit
1042 552 1144 580 mater
1168 550 1262 588 plena
1283 547 1402 588 gratiae

965 595 1009 627 Et
1032 596 1230 634 impetrati-ix
1254 595 1365 626 veniae

1013 642 1163 674 Omnibus
1187 642 1375 673 miserendo.

964 717 1069 748 Maria
1092 717 1192 748 tribus
1217 716 1376 748 mensibus

965 764 1059 803 Quasi
1084 764 1170 795 stetit
1196 763 1357 795 laboribus

1009 810 1175 842 Elisabeth
1200 810 1374 849 subdendo,

966 855 1156 889 Conferebat
1183 858 1222 889 de
1247 857 1358 896 angelo

965 904 1009 935 Et
1031 903 1198 936 verborum
1223 903 1384 944 mysterio,

1013 950 1098 988 Quae
1123 951 1254 990 protulit
1279 950 1463 989 salutand03

964 997 1089 1028 Mutum
1113 997 1236 1029 audivit
1261 997 1364 1035 eloqui

963 1043 1007 1075 Et
1030 1045 1213 1084 prophetias
1237 1042 1366 1075 Domini

1010 1091 1047 1122 In
1074 1091 1199 1124 Christo
1226 1091 1428 1130 declarando,

961 1137 1059 1168 Plura
1083 1138 1166 1169 vidit
1191 1138 1231 1168 de
1254 1145 1352 1176 puero

959 1183 1102 1215 Mirabili
1126 1184 1165 1215 ab
1190 1186 1280 1214 utero

1007 1230 1248 1262 Praecursorem
1274 1231 1438 1271 vocand03

960 1276 1062 1308 Facta
1083 1280 1157 1317 post
1180 1277 1359 1309 reverentia

957 1324 1098 1356 Reversa
1122 1327 1171 1356 est
1195 1325 1235 1356 ad
1259 1325 1390 1364 propria

1005 1371 1111 1403 Maria
1136 1370 1387 1410 contemplando.

1072 1455 1117 1482 Ad
1135 1454 1319 1481 Benedictus.

959 1512 1115 1551 Adjutrix
1139 1512 1278 1543 visitatio

956 1560 1001 1591 Et
1023 1558 1170 1600 frequens
1194 1559 1384 1591 ministratio

1003 1606 1169 1638 Elisabeth
1195 1606 1302 1637 oblata

955 1654 1093 1685 Mariam
1119 1654 1195 1685 dent
1219 1653 1389 1692 propitiam

956 1701 1009 1732 Ad
1033 1701 1264 1740 impetrandam
1290 1701 1433 1739 gratiam,

1005 1747 1081 1779 Cum
1107 1746 1203 1778 fuerit
1228 1749 1348 1777 vocata.

956 1794 1038 1826 Nam
1062 1797 1163 1826 mater
1188 1797 1244 1831 est,
1272 1794 1422 1825 ecclcsiae

954 1842 1154 1874 Fluctuantis
1171 1841 1338 1873 naviculae

1003 1888 1152 1921 Subditos
1175 1888 1389 1928 gubernando,

955 1937 1123 1976 Promptos
1148 1945 1204 1967 suo
1225 1935 1371 1975 regimini

955 1984 1174 2024 Dirigentique
1204 1981 1322 2014 flamini

1001 2031 1141 2063 Devotos
1163 2031 1333 2064 visitando.

1026 2173 1071 2205 In
1098 2175 1128 2205 2.
1156 2172 1369 2213 Vesperis.

1072 2248 1118 2275 Ad
1136 2246 1312 2283 Magnificat.

955 2305 975 2337 J
980 2314 1044 2343 esu,
1071 2306 1251 2344 redemptm
1281 2303 1408 2346 optime,

954 2353 1007 2384 Ad
1031 2352 1168 2384 Mariam
1193 2360 1250 2382 nos
1273 2350 1428 2392 imprime,

1001 2399 1047 2431 Ut
1069 2399 1179 2432 mundi
1204 2398 1371 2440 advocata,
