1652 2615
677 121 931 156 ‘152—

225 218 270 250 Ut
294 221 424 249 aeterna
446 220 547 248 morte
574 216 660 257 digni

228 265 420 297 Sanarentur
444 263 504 295 hoc
526 263 643 303 insigni

271 310 386 343 Sacrae
410 310 519 341 mortis
543 309 664 348 pretim

224 358 306 397 Quas
331 360 472 389 tenemur
496 358 568 388 voto
592 358 682 395 grato

226 404 293 435 Deo
316 404 428 435 laudes
451 411 510 441 pro
535 403 649 433 collato

270 450 370 480 Tanto
397 447 563 480 beneficio!

156 496 180 526 V
221 497 246 528 O
271 499 371 527 mater
396 495 585 532 dilectionis,

269 541 335 573 Fac
358 550 415 573 nos
441 549 510 572 eum
536 541 650 580 colere,

221 589 281 627 Qui
302 597 359 620 nos
382 595 458 619 suae
480 588 636 627 passionis

270 635 379 667 Salvos
405 634 483 666 fecit
505 642 645 667 munere.

192 714 199 720 .
226 691 410 723 Palluerunt
433 694 506 721 tuae
530 699 638 730 genae,

223 738 352 776 Quando
376 737 470 769 subdi
495 738 595 769 crucis
619 746 741 777 poenae

273 784 369 816 Vides
394 785 598 824 unigenitum,

224 831 339 871 Spinae
363 839 485 862 sacrum
512 834 605 869 caput
629 832 766 872 cingunt,

221 878 344 920 Manus,
371 878 469 916 pedes
494 878 575 910 clavi
600 878 767 918 stringunt,

270 925 311 956 Os
336 927 385 956 est
406 924 508 964 sputis
532 924 673 956 oblitum.

225 972 325 1003 Voces
349 971 440 1003 audis
466 972 675 1002 exclamantes

224 1017 298 1049 Sese
322 1018 408 1056 patri
430 1018 674 1049 commendantis

269 1064 374 1096 Mater
398 1064 497 1096 omnis
521 1065 650 1106 gratiae,

218 1110 379 1142 Destituta
399 1112 466 1150 J'am
490 1111 597 1150 vigore

223 1157 266 1189 Ut
290 1158 455 1196 exsanguis
476 1165 553 1195 prae
580 1157 687 1189 dolore

268 1204 398 1236 Cor-ruis
421 1205 455 1235 in
478 1204 557 1235 acie.

185 1277 191 1282 .
223 1250 248 1282 O
272 1250 456 1281 immensam
480 1251 652 1288 caritatem,

269 1296 357 1335 Quod
380 1299 480 1328 mater
506 1305 574 1327 cum
597 1296 664 1327 filio

224 1344 358 1375 Tantam
381 1342 537 1382 praebent
560 1343 710 1381 pietatem

271 1390 333 1422 Pro
357 1390 414 1420 vili
436 1389 611 1428 mancipio!

316 1474 362 1505 In
386 1473 611 1505 Laudibus.

365 1537 559 1573 Antiphonae.

189 1612 194 1618 .
220 1586 289 1617 Rex
314 1595 333 1616 a
355 1585 440 1624 ligno
466 1594 536 1617 cum
559 1589 705 1625 regnaret

222 1632 266 1663 Et
289 1633 459 1672 malignum
485 1632 661 1664 debellaret

270 1679 331 1711 Per
356 1680 457 1710 crucis
484 1679 650 1718 dedecora,

222 1725 328 1757 Mater
350 1734 501 1765 praesens
528 1727 698 1758 constituta

223 1772 316 1804 Hunc
339 1772 381 1805 ad
406 1772 522 1804 bellum
547 1773 714 1804 subsecuta

268 1818 329 1851 Est
351 1822 388 1850 ut
411 1820 535 1851 Barach
559 1819 697 1852 Debora.

188 1898 195 1904 .
221 1875 345 1906 Bellum
369 1875 469 1907 mirae
494 1877 645 1916 cantatis,

222 1922 288 1954 Ubi
314 1922 457 1954 Christus
482 1922 630 1954 sauciatis

268 1968 416 2000 Medetur
440 1969 633 2011 vulneribus,

223 2015 319 2054 Virgo
345 2017 444 2046 mater
466 2016 592 2048 morbos
615 2019 706 2048 sanat

222 2061 265 2093 Et
290 2061 438 2093 distortas
460 2066 579 2094 mentes
604 2064 713 2102 planat

269 2108 345 2140 Cum
370 2108 433 2139 suis
460 2108 629 2142 doloribus.

188 2191 195 2197 .
223 2163 367 2198 Christus
393 2164 493 2196 crucis
517 2166 549 2196 in
575 2166 709 2197 ambone

224 2212 418 2244 Constitutus
442 2213 475 2243 in
500 2221 600 2252 agone

270 2259 397 2298 Septem
423 2258 519 2291 verba
543 2259 695 2300 protulit3

900 216 1007 247 Mater
1031 217 1160 249 adstans
1185 217 1340 249 tribulata

900 262 980 294 Tam
1009 266 1136 302 patrata
1159 272 1251 304 quam
1277 262 1403 303 prolata

945 309 1059 342 Secum
1082 311 1178 341 silens
1204 310 1347 342 contulit.

865 388 872 395 .
899 363 1019 396 Cuncta
1043 367 1183 397 tremunt
1206 366 1369 403 elementa,

898 411 1041 451 Carpunt
1062 411 1147 451 luna,
1173 412 1222 442 sol
1244 411 1386 442 lamenta

946 458 1023 489 Cum
1050 458 1175 489 dolente
1202 458 1335 497 virgine,

898 503 1091 543 Angelorum
1114 504 1315 536 hierarchiae

898 550 1106 582 Condolentes
1131 553 1206 582 sunt
1229 550 1353 583 Mariae

946 597 1063 629 Christi
1088 596 1158 630 fuso
1182 598 1344 637 sanguine.

862 677 868 683 .
895 653 1001 685 Morte
1026 653 1145 686 Christi
1171 656 1387 686 consummata

895 700 1002 731 Mater
1025 699 1089 732 fide
1113 701 1263 732 roborata

942 747 1101 778 Redditur
1124 747 1329 788 aequanimis,

897 793 1014 824 Natum
1038 794 1142 825 sciens
1167 797 1380 826 surrecturum

894 840 937 871 Et
961 849 1031 871 eum
1054 844 1146 880 patre
1170 840 1339 872 fruiturum

943 887 1078 919 Sedibus
1103 887 1286 927 potissimis

1008 961 1053 988 Ad
1072 961 1256 989 Benedictus,

858 1034 864 1040 .
895 1008 1045 1040 Morienti
1071 1008 1156 1040 dulei
1179 1012 1264 1048 nato,

897 1055 1087 1094 Quamquam
1113 1056 1209 1087 corde
1233 1056 1383 1095 sauciato,

941 1102 1056 1141 Mater,
1082 1102 1191 1134 adstas
1216 1102 1342 1143 flebilis,

898 1147 1066 1188 virginalis
1091 1150 1221 1188 quisque
1246 1153 1352 1190 gestus

895 1194 967 1226 Tibi
993 1195 1106 1226 decens
1132 1199 1163 1227 et
1187 1196 1348 1228 modestus

942 1242 1129 1274 Perseverat
1152 1243 1285 1282 stabilis,

897 1287 950 1319 Illi
974 1296 1103 1328 compar
1126 1289 1300 1329 voluntate,

894 1334 967 1366 Pari
992 1333 1128 1375 flagrans
1154 1337 1287 1368 caritate

941 1381 1003 1412 Pro
1027 1382 1188 1414 salvandis
1210 1384 1354 1422 miseris3

894 1427 974 1466 Ejus
1000 1436 1121 1459 crucem
1147 1433 1329 1461 reverentes

894 1473 939 1505 Et
961 1475 1015 1506 hie
1035 1478 1140 1507 tecum
1166 1480 1385 1517 congementes

943 1521 1056 1553 Servos
1078 1522 1176 1562 junge
1199 1525 1333 1563 superis

966 1616 1011 1647 In
1037 1617 1066 1648 2.
1093 1615 1306 1654 Vesperis.

1007 1689 1052 1715 Ad
1071 1688 1248 1725 Magnifica&

897 1745 1021 1777 Christo
1046 1755 1139 1786 passo
1163 1750 1295 1778 mortem
1321 1749 1421 1780 crucis

893 1793 1101 1832 Eclipsantur
1128 1794 1219 1825 orbes
1243 1795 1332 1833 lucis,

940 1840 1061 1871 Terrae
1085 1840 1185 1872 solum
1210 1842 1348 1882 tremuit,

893 1885 1128 1926 Disperguntur
1151 1888 1266 1927 quique
1289 1890 1366 1927 noti,

896 1932 1055 1966 Oblitores
1080 1934 1128 1966 sui
1152 1935 1226 1974 voti,

941 1979 1064 2011 Caritas
1093 1979 1258 2021 refriguit-,3

896 2025 971 2058 Sola
996 2028 1084 2067 virgo
1109 2030 1197 2059 tenet
1220 2027 1315 2060 fidem

895 2074 1050 2106 Constans
1077 2074 1170 2106 docet
1194 2075 1278 2114 quod
1304 2079 1334 2107 et
1357 2077 1442 2109 idem

942 2120 1101 2160 Resurgat
1124 2122 1156 2152 in
1182 2122 1301 2162 gloria3

896 2166 998 2198 Verae
1022 2168 1145 2199 doctrix
1171 2168 1358 2209 disciplinae

897 2213 997 2246 Nobis
1023 2215 1105 2247 dona
1128 2216 1197 2248 sine
1220 2215 1283 2249 fine

943 2260 1072 2293 Perfrui
1094 2262 1227 2296 laetitia.

226 2315 310 2342 Brev.
331 2313 525 2350 Strengnense
544 2316 611 2350 imp.
632 2315 769 2343 Holmiae
791 2313 872 2343 1495.
893 2329 930 2334 ——
949 2316 1086 2352 Hymnen
1105 2318 1137 2344 in
1158 2317 1183 2345 1.
1203 2319 1308 2356 Vesp.:
1329 2322 1444 2351 Menter

149 2354 231 2389 juvet
276 2351 405 2396 ‘fidelium
450 2352 544 2387 (Anal.
585 2353 656 2384 XII,
702 2351 761 2387 66);
800 2353 838 2380 ad
875 2354 975 2382 Noeta
1015 2355 1146 2391 Rogatus
1190 2356 1272 2386 Deus
1309 2369 1445 2396 rumpese

151 2392 328 2426 (Klemmmg
346 2390 385 2424 Π,
409 2388 484 2426 186);
506 2391 542 2417 ad
562 2391 691 2418 Laudes:
713 2391 905 2419 Condolentes
926 2393 1106 2421 maeroribus
1125 2392 1220 2428 (Anal.
1240 2396 1308 2431 XH,
1330 2396 1386 2433 68).
