1652 2615
676 120 933 156 -216-

232 218 299 249 Deo
324 217 443 249 servire
467 215 586 247 studuit

279 265 341 296 Per
364 271 483 294 morum
508 263 710 294 honestatem.

200 343 207 350 ,
234 319 329 358 Virgo
354 319 440 357 pugil
466 316 591 359 Christi,

279 365 429 396 virtutum
454 362 556 394 forma
581 362 679 400 fuisti,

232 412 314 443 Dum
337 419 394 450 pro
419 409 483 441 fide
508 409 623 440 Christi

280 456 422 488 coronari
445 455 595 494 meruisti,

192 530 199 536 .
233 503 369 542 Fulgida
393 501 486 533 stella
508 501 613 540 maris,

279 558 334 580 nos
359 550 497 587 protege,
524 556 579 579 nos
604 548 733 581 tuearis.

199 630 205 636 .
230 604 311 636 Dum
335 603 476 635 Firmina
500 611 639 643 gressum
663 601 742 642 figit⁷

279 651 316 682 In
342 649 466 682 Christo
492 653 554 681 stat
578 648 719 688 firmiter,

230 697 343 729 Fidem
368 698 452 727 tenet
476 705 534 727 nec
554 696 693 727 mollitur

276 743 438 774 Resistens
465 742 607 781 viriliter,

233 789 336 821 Judex
361 787 439 820 furit
462 797 521 819 nec
544 789 682 826 timetur,

284 835 364 866 Dum
392 835 514 874 spernit
535 835 727 875 sublimiter3

195 909 201 915 .
233 883 321 914 Haec
343 881 558 913 blandimenta
579 890 729 921 respuens

282 929 428 961 Judicem
454 928 607 967 despexit,

235 976 272 1007 In
299 974 422 1006 Christo
448 983 562 1012 sponso
587 975 734 1014 glorians,

283 1021 379 1058 Quem
404 1021 536 1052 multum
562 1020 680 1052 dilexit.

292 1160 339 1191 In
366 1160 396 1191 2.
423 1159 648 1191 Nocturno.

376 1232 567 1267 Antiphonae.

202 1315 208 1321 .
235 1289 315 1320 Dum
340 1288 455 1326 injuste

279 1335 413 1365 lacertus
445 1335 594 1373 tenditur,

236 1382 331 1420 Riget
354 1381 469 1423 statim,

280 1435 474 1466 nequaquam
497 1425 644 1459 flectitur.

206 1508 212 1514 .
240 1483 316 1515 Orat
339 1481 430 1513 firma

282 1528 425 1560 Firmina
450 1529 593 1565 dulciter,

234 1575 408 1606 Relaxatur

277 1621 413 1653 lacertus
435 1621 560 1660 jugiter.

179 1699 209 1709 ..
235 1678 347 1715 Stupet
367 1676 475 1717 judex⁷

278 1723 384 1754 statim
409 1723 608 1765 convertitur,

234 1769 347 1802 Fidem
371 1773 480 1800 tenens

280 1825 339 1855 pro
368 1814 431 1847 fide
454 1816 594 1847 moritur.

371 1908 572 1944 Responsoria.

203 1995 210 2002 .
237 1973 360 2005 Nobilis
386 1977 433 2004 est,
457 1982 570 2014 genere

283 2019 514 2058 praefectorum
538 2021 673 2061 alumna,

236 2066 369 2098 Gentem
395 2066 508 2097 devicit
532 2066 686 2105 perfidam

282 2121 362 2152 quae
385 2113 477 2144 nimis
504 2111 703 2145 furibundam

236 2159 388 2191 Coronam
412 2160 536 2192 lucrans
561 2160 679 2200 gloriae

280 2207 419 2245 pretiose
439 2207 630 2249 jucundam3

195 2279 202 2286 .
233 2254 321 2286 Haec
348 2253 502 2285 convertit
524 2254 701 2292 praesidem

234 2302 407 2340 secumque
431 2300 529 2332 traxit
549 2301 688 2340 judicem

280 2347 332 2380 Ad
358 2347 490 2387 gloriam
517 2347 681 2379 caelorum.

847 215 877 244 2.

835 870 871 902 V.

903 213 1000 252 Virgo
1031 212 1217 253 flagellatur,

949 261 1156 299 suspenditur
1181 263 1213 291 et
1237 259 1404 294 cruciatur,

904 305 1027 338 Christo
1051 306 1180 344 juvatur

949 360 1009 382 nec
1033 350 1166 391 flagellis
1192 353 1378 390 superatum

903 398 974 429 Stat
998 399 1177 429 constanter
1200 397 1289 436 pugil
1314 395 1415 436 fortis,

901 443 1014 475 Fidem
1039 445 1127 474 tenet
1150 443 1231 474 hora
1252 443 1375 481 mortis,

948 490 1033 521 Dum
1056 499 1115 528 pro
1142 489 1267 521 Christo
1292 489 1425 528 patitur.

867 570 874 576 .
901 546 983 578 Dum
1008 546 1126 577 orantis

951 593 1064 624 devota
1089 592 1228 624 carmina

902 639 987 672 Caeli
1014 641 1128 679 petunt

949 686 1014 717 alta
1038 685 1194 724 sublimia,

902 732 980 764 Mox
1004 732 1181 764 redduntur

948 778 1076 819 stupida
1101 779 1231 810 brachia.

995 825 1066 857 Jam
1090 825 1196 864 fideli3

901 870 1051 903 Afflictus
1075 871 1208 903 verbere

906 918 1065 949 Promittit
1089 919 1228 959 credere,

946 964 1104 996 Redditur
1128 966 1258 996 sanitas.

961 1104 1006 1135 In
1033 1105 1064 1136 3.
1090 1104 1318 1137 Nocturno.

1044 1177 1237 1213 Antiphonae.

872 1256 879 1262 .
905 1234 988 1265 Dum
1011 1235 1113 1274 imago
1140 1235 1333 1275 devastatur,

904 1280 1013 1311 Virtus
1038 1280 1155 1312 Christi
1183 1282 1415 1313 demonstratur

950 1326 1045 1358 Flatu
1070 1330 1197 1359 sanctae
1220 1328 1361 1367 virginis.

875 1404 881 1411 .
907 1381 1042 1420 Stupent
1067 1391 1172 1414 omnes
1199 1387 1230 1415 et,
1253 1384 1417 1424 mirantur,

905 1428 1031 1460 Laudes
1058 1429 1181 1462 Christo
1208 1431 1416 1462 decantantur

949 1475 1105 1507 immenso
1128 1478 1285 1516 prodigio.

872 1554 879 1560 .
907 1531 983 1563 Cum
1007 1531 1151 1563 Firmina
1174 1532 1371 1574 verberatur,

904 1578 1004 1608 Amor
1030 1577 1147 1610 Christi
1170 1578 1392 1620 inflammatur,

950 1623 1018 1654 Nec
1041 1626 1178 1656 terretur
1201 1627 1343 1659 verbere.

1038 1717 1243 1753 Responsoria.

872 1804 879 1811 .
905 1782 1043 1814 Verbum
1069 1783 1185 1815 Christi

951 1829 1024 1860 dum
1047 1831 1153 1868 palam
1178 1833 1344 1874 promitur,

904 1875 1077 1907 Multitudo

950 1931 1062 1962 magna
1088 1926 1292 1967 convertitur,

904 1968 1009 2000 Judex
1033 1968 1121 2010 furit,

950 2016 1051 2047 minas
1078 2019 1273 2050 connectitur

997 2062 1066 2094 Nec
1090 2064 1227 2099 timetur.

905 2108 959 2139 Vis
983 2107 1100 2149 flagelli

951 2163 1057 2186 amore
1082 2157 1227 2200 vincitur,

905 2201 987 2232 Dum
1013 2203 1046 2233 in
1072 2202 1196 2235 Christo

952 2247 1095 2280 Firmina
1117 2249 1234 2289 figitur.

871 2326 878 2333 .
904 2303 988 2335 Deos
1015 2306 1197 2343 exprobrat,

952 2353 1057 2384 statua
1080 2350 1245 2398 frangitur,
