1652 2615
273 231 357 262 Dum
382 231 543 264 Firminae

316 277 394 310 flatu
418 279 619 319 contingitur,

266 324 405 364 Stupent
429 334 546 365 omnes,

313 370 394 403 fides
420 373 593 413 extollitur,

362 418 416 450 Sic
445 428 535 451 error
560 421 706 459 vincitur,

199 465 235 496 V.
267 465 351 496 Dum
372 465 519 498 Firmina

312 511 406 544 fortis
431 513 465 544 in
490 514 614 553 agmine

265 559 372 590 Verba
394 558 521 598 profert

308 606 437 637 virtutis
464 607 590 638 nimiae.

206 663 236 694 3.
265 662 289 693 O
316 670 409 701 quam
431 671 546 701 magna

312 709 416 739 virtus
443 709 633 749 ostenditur,

265 755 348 786 Dum
373 755 517 787 Firmina

312 811 407 833 carne
431 802 646 842 suspenditur,

265 849 336 880 Stat
359 849 488 892 invicta,

313 896 359 928 sic
384 898 489 927 tamen
514 896 657 928 moritur.

194 943 233 975 V.
264 943 362 982 Virgo
388 946 510 985 sancta,

312 990 498 1022 commenda
521 989 667 1030 Domino,

261 1037 319 1075 Qui
344 1040 377 1067 te
399 1037 534 1068 laudant

310 1084 423 1115 devoto
450 1084 585 1116 cantico.

347 1225 392 1256 1n
416 1223 644 1255 Laudibus

397 1297 593 1332 Antiphonae.

203 1357 232 1388 1.
259 1356 364 1387 Adest
389 1355 456 1387 dies
480 1354 632 1394 laetitiae,

308 1403 375 1441 Qua
400 1411 474 1433 rosa
500 1401 637 1432 delicata

263 1449 400 1482 Offertur
424 1448 493 1488 regi
517 1447 637 1487 gloriae

306 1495 439 1527 Deliciis
464 1497 585 1526 ornata.

203 1554 235 1584 2.
259 1552 349 1583 Haec
374 1560 490 1583 corona
516 1550 636 1589 duplici

308 1599 346 1630 In
371 1599 458 1630 caelo
484 1599 652 1629 coronatur

813 138 881 175 217
930 159 974 165 —

949 235 994 266 Et
1022 235 1140 266 virtute
1163 235 1332 275 multiplici

996 282 1032 313 In
1059 283 1152 313 terris
1179 282 1409 322 comprobatur.

890 340 921 370 3.
947 338 1072 369 Nobilis
1098 347 1130 369 es
1155 347 1279 378 genere,

993 385 1144 423 Firmina,
1171 386 1259 425 virgo
1287 384 1415 426 Christi,

947 432 1020 463 Non
1045 432 1203 471 superaris
1227 432 1369 474 verbere,

994 479 1159 510 Inimicum
1182 479 1296 510 vicisti.

889 535 921 565 4.
950 533 1081 565 Carnem
1104 533 1220 566 afflixit
1239 535 1358 574 jugiter

994 579 1129 619 Jejuniis
1155 582 1307 620 vacando,

945 626 1059 658 Fidem
1086 627 1229 659 defendit
1253 627 1383 659 fortiter

993 674 1055 704 Pro
1083 675 1209 707 Christo
1234 675 1406 709 moriendo.

889 731 919 762 5.
948 729 1110 761 Castitatis
1133 730 1235 761 lilium

992 775 1202 814 suspenditur
1226 785 1285 816 per
1310 777 1423 815 crines,

948 821 1073 853 Glorias
1099 823 1245 854 eximium

990 869 1138 901 Tendens
1162 870 1194 900 in
1220 870 1380 903 sublimes,

1055 942 1100 969 Ad
1119 944 1302 971 Benedictus.

871 999 911 1030 A.
943 1000 1022 1038 Ave,
1049 999 1136 1039 virgo
1160 1002 1311 1044 speciosa,

943 1044 1092 1077 Gemmae
1113 1047 1218 1086 J'ubar,
1243 1046 1359 1079 florens
1387 1057 1470 1088 rosa,

940 1091 1040 1123 Stella
1062 1094 1233 1132 splendens
1258 1095 1411 1137 virtuosa,

987 1138 1054 1169 Nos
1081 1148 1231 1172 conserva
1253 1141 1381 1180 jugiter.

1013 1232 1059 1263 In
1085 1234 1116 1264 2.
1143 1233 1357 1273 Vesperis.

1058 1305 1104 1333 Ad
1122 1306 1299 1342 Magnificat.

871 1363 911 1395 A.
943 1362 966 1393 Ο
990 1364 1152 1402 speculum
1177 1365 1361 1404 munditiae,

987 1411 1100 1441 summi
1125 1420 1178 1442 vas
1202 1411 1340 1453 honoris,

940 1455 1140 1495 Virginitatis
1164 1458 1265 1489 lilium

988 1502 1116 1536 mirifici
1140 1505 1296 1546 candoris,

940 1549 1110 1582 Translata
1134 1560 1167 1582 es
1193 1560 1263 1582 cum
1284 1552 1385 1592 gloria

986 1598 1020 1628 in
1045 1599 1190 1637 supernis
1216 1599 1330 1631 choris.

261 1665 345 1691 Brev.
366 1671 418 1690 ms.
439 1663 666 1690 Franciscanum
703 1669 761 1688 aec.
787 1659 830 1688 15.
863 1660 930 1688 Cod.
945 1659 1078 1688 Vatican.
1101 1661 1206 1690 10000.
1226 1679 1257 1682 —=
1270 1664 1314 1690 In
1335 1663 1359 1691 1.
1380 1665 1484 1700 Veqp.

186 1700 208 1728 Α
233 1700 264 1737 3,
287 1700 302 1728 1
322 1702 404 1728 levat
422 1701 525 1736 ipsius.
547 1716 584 1719 —
604 1697 626 1724 Α
647 1696 680 1733 3,
702 1696 720 1724 2
740 1698 834 1725 Stant.
857 1713 891 1717 —
913 1697 935 1724 Α
955 1697 988 1731 4,
1006 1697 1026 1725 4
1043 1699 1118 1727 fehlt
1137 1702 1201 1727 eine
1218 1700 1316 1735 Silbe3
1340 1702 1420 1729 fraus
1448 1711 1486 1730 31·-

186 1741 283 1776 gtinzt.
307 1755 346 1759 —
370 1739 414 1766 In
433 1738 459 1764 2.
482 1738 584 1765 Noct.
606 1734 626 1762 R
648 1734 680 1769 2,
703 1733 721 1763 3
740 1737 770 1762 A
792 1735 916 1763 Christo.
942 1752 977 1756 —
1007 1737 1047 1763 In
1067 1734 1084 1763 3
1114 1738 1214 1765 Noet.
1238 1736 1258 1763 Β
1280 1737 1312 1772 2,
1338 1737 1354 1763 ’ἵ
1374 1740 1485 1774 Firma3

185 1787 241 1805 nur
261 1777 332 1805 dies.
352 1792 391 1795 —
412 1776 452 1803 In
471 1776 549 1803 Lau
557 1775 584 1802 (1.
605 1772 627 1800 Α
650 1772 674 1807 1,
695 1772 713 1800 2
734 1774 926 1801 delectabilis.
943 1788 980 1793 —-
999 1774 1057 1801 Die
1076 1775 1181 1803 beiden
1201 1785 1267 1802 zum
1283 1776 1416 1804 Officium
1437 1787 1472 1814 ge

184 1815 308 1851 horigen
329 1815 467 1849 Hymnen
486 1813 535 1840 cfr.
555 1812 640 1840 Anal.
660 1811 756 1845 XXII,
779 1809 832 1839 102
853 1820 895 1847 sq.

531 1943 578 1974 74.
607 1943 642 1974 In
663 1942 883 1973 Translatione
902 1950 942 1973 ss.
963 1942 1138 1983 Fortunati,

313 2055 361 2087 In
387 2054 418 2087 1.
445 2052 662 2093 Vesperis.

396 2128 591 2165 Antiphonae.

196 2189 227 2222 1.
253 2187 340 2220 Urbs
366 2186 491 2219 Salerni
516 2186 662 2227 gaudeat,

300 2235 440 2267 Plaudat
464 2233 557 2273 plebs
582 2233 707 2274 devota,

253 2283 292 2315 In
315 2282 434 2313 virtute
457 2279 572 2312 floreat

301 2330 372 2361 Hac
395 2328 428 2359 in
453 2329 520 2360 vita
544 2330 622 2360 tota.

195 2388 226 2420 2.
253 2385 299 2418 Es
326 2385 523 2424 depositaria

296 2431 398 2465 Facta
420 2432 653 2470 thesaurorum,

704 1989 768 2029 Gaji
788 1990 819 2020 et
838 1990 966 2020 Anthes.

938 2050 1026 2082 Cella
1049 2051 1260 2092 pigmentaria

982 2098 1151 2131 Sacrorum
1175 2100 1316 2132 odorum.

876 2171 907 2202 3.
933 2170 973 2202 In
999 2172 1033 2201 te
1056 2171 1152 2202 trium
1177 2173 1353 2210 martyrum

985 2217 1072 2249 Gaza
1095 2219 1266 2259 triplicata,

936 2264 1053 2297 Nobile
1076 2266 1260 2305 triclinium,

983 2312 1119 2344 Exstitit
1137 2312 1302 2344 translata.

879 2384 911 2416 4.
937 2383 1019 2414 Vilis
1043 2383 1132 2421 prius
1157 2382 1295 2414 tumulus

986 2430 1128 2469 Corpora
1152 2430 1290 2470 tegebat,
