1652 2615
685 139 940 175 ——267—

198 263 205 270 .
233 236 287 269 Sic
310 240 423 277 torque
446 237 548 269 victor
572 245 664 269 aurea

233 283 354 315 Collum
380 286 529 316 venustas
554 283 703 322 saucium,

233 330 287 364 Sic
311 333 413 363 morte
438 331 535 363 vitam
561 331 685 362 laureas

232 377 310 409 Vita
333 378 533 418 triumphans
557 378 695 418 perpeti.

201 478 207 485 .
232 453 258 486 O
283 459 333 485 ter
358 453 451 485 beate
474 453 616 494 parvule,

235 500 293 538 Qui
318 500 496 533 sufferendo
520 501 631 532 laurea

233 546 382 590 Bonam,
410 557 428 579 ο
453 556 546 587 quam
570 550 698 578 strenue

234 594 373 627 Mortem
399 594 576 633 triumphas
601 596 752 626 mortuus,

376 678 582 712 Responsoria.

204 772 210 779 .
239 744 284 777 Ut
307 753 396 775 suum
422 752 537 776 nomen
561 743 705 788 peperit,
732 743 791 775 Po-

563 791 650 833 titus,

239 838 366 878 Martyr
377 838 521 881 insignis,
537 838 689 878 potiendo
703 837 796 869 dulce

244 884 398 918 Caelitum
416 888 535 926 nectar,
550 885 693 925 peritura
706 893 793 923 spre-

570 932 617 963 vit

293 980 411 1012 Cuncta
436 980 493 1011 sub
520 980 624 1012 astris

203 1052 210 1059 .
243 1027 372 1066 Sprevit
388 1027 501 1058 aetatis
519 1034 643 1058 roseum
662 1024 798 1056 tenellae

243 1074 438 1115 Floseulum‚
457 1073 580 1113 sprevit
596 1072 706 1103 titulos
723 1080 797 1102 avo-

571 1128 641 1150 rum

245 1167 413 1208 nam-icem,
448 1166 561 1208 fasces,
587 1167 717 1209 galeam,
746 1173 798 1195 cu-

570 1213 666 1253 rules,
700 1243 703 1249 ,

294 1262 440 1300 Praedia,
469 1268 589 1292 census,

211 1363 218 1370 .
245 1338 329 1371 Puer
378 1337 419 1369 ad
467 1335 586 1367 nudum
627 1342 801 1373 properare

572 1382 677 1413 Iesum

250 1433 358 1472 Pergit
408 1431 556 1470 amplexa
597 1436 703 1460 cruce-
757 1428 804 1459 sic

575 1484 712 1515 superne

249 1526 403 1559 Praevius
423 1525 536 1556 ductor
552 1523 676 1564 patriae
692 1521 728 1554 fit
746 1522 803 1553 alti

296 1574 419 1605 Praeco
440 1572 589 1604 tonantis.

210 1646 218 1654 .
250 1620 382 1654 Grande
405 1619 558 1653 virtutum
572 1617 678 1658 jubar,
705 1624 805 1656 aequa

576 1673 697 1697 morum

252 1716 383 1758 Norma,
412 1713 575 1747 doetrinae
593 1712 704 1744 schola
721 1710 803 1743 chri-

576 1760 709 1802 stianae‚

251 1811 342 1844 Mitis
368 1809 530 1849 exemplar
546 1808 686 1848 pietatis,
704 1807 805 1838 almae

297 1858 369 1891 Lux
391 1855 554 1890 bonitatis.

221 1960 228 1968 .
257 1933 374 1968 Grratus
418 1933 473 1965 hic
509 1931 627 1963 mundo
667 1938 748 1969 puer
787 1938 808 1961 a

579 1977 706 2009 tenellis

255 2028 432 2070 Unguibus,
445 2026 556 2059 matris
568 2025 675 2057 fuerat
686 2024 725 2056 ab
735 2024 807 2056 alvo

254 2076 385 2110 Gratior
395 2075 493 2114 caelo,
503 2073 603 2114 magis
613 2072 702 2104 estin
712 2071 807 2103 astris

303 2124 421 2157 Gratus
445 2123 582 2161 utrique.

215 2200 222 2207 .
252 2172 317 2206 Hic
329 2171 414 2204 feras
424 2178 547 2211 passus,
561 2167 692 2201 rabidos
701 2167 809 2198 leones

255 2221 367 2255 Calcat
405 2219 577 2257 immanes,
630 2214 810 2247 dominatur

582 2272 675 2300 ursis,

256 2315 320 2347 Sed
367 2314 457 2354 prius
505 2311 636 2343 vincens
681 2310 811 2348 superat

584 2356 739 2390 furentem

303 2408 456 2448 Frigidus
480 2407 571 2438 iram.

854 236 886 269 4.
913 235 1057 267 Mortuus
1078 232 1205 270 mundo,
1232 230 1377 268 Satanae,
1403 236 1458 267 pa-

1250 277 1311 308 eut·

911 330 960 361 Ac
992 326 1070 367 sibi,
1103 326 1188 357 caelo
1200 350 1210 368 ‚
1232 287 1379 363 1impleris,
1412 324 1460 353 to-

1234 371 1323 403 nanti

915 422 1002 453 Vivit
1029 420 1162 452 illustris
1185 418 1313 450 Domini
1339 416 1460 448 Potitus

961 468 1090 506 Martyr
1117 467 1149 498 in
1174 474 1294 498 aevum.

844 516 884 549 V.
912 517 998 555 Ergo
1023 514 1050 545 si
1074 513 1147 546 talis
1170 512 1229 544 tibi
1255 512 1319 543 vita
1344 509 1434 542 fulsit

917 561 1068 601 Saeculo,
1112 559 1202 592 nobis
1243 567 1338 598 super
1379 559 1465 589 astra

1241 614 1377 645 regnans

918 657 1058 696 Impetra
1082 663 1161 695 puer
1187 653 1278 691 bona,
1304 652 1392 693 pacis
1417 660 1467 682 ar-

1243 699 1343 737 rham,

971 749 1095 782 Gaudia
1120 747 1210 779 caeli.

985 852 1028 884 In
1055 853 1087 885 3.
1112 851 1341 883 Nocturno,

1066 924 1112 952 Ad
1131 924 1261 952 Cantica.

854 986 896 1018 A.
925 985 950 1017 O
977 983 1080 1015 Potite
1104 982 1313 1023 sanctissime,

925 1030 1080 1070 Agonista
1110 1027 1290 1071 fortissime,

926 1078 952 1110 O
977 1075 1035 1108 flos
1056 1076 1198 1114 jucunde
1221 1075 1362 1116 gentium

925 1124 970 1156 Et
993 1123 1152 1163 speculum
1179 1121 1359 1160 viventium,

929 1170 1120 1209 Objurgator
1143 1168 1317 1201 vanitatum

928 1218 972 1249 Et
995 1216 1199 1256 praedicator
1223 1216 1385 1254 virtutum,

930 1265 994 1297 Ora
1018 1272 1076 1303 pro
1100 1263 1191 1295 nobis
1216 1262 1394 1294 Dominum.

1066 1338 1273 1372 Responsoria.

875 1397 905 1430 1.
930 1397 1053 1429 Vernat
1083 1397 1120 1426 ut
1150 1394 1288 1426 candens
1313 1401 1386 1425 rosa
1410 1402 1482 1425 rore

1255 1443 1350 1480 tacta,

931 1491 1016 1523 Rore
1034 1497 1090 1520 ceu
1108 1490 1218 1521 vernat
1236 1487 1320 1519 foliis
1338 1491 1482 1526 apertum

931 1537 1061 1576 Uliam,
1085 1538 1200 1567 vernat
1219 1535 1319 1568 veluti
1334 1533 1483 1575 perfusus

978 1584 1064 1616 Rore
1088 1583 1286 1623 hyacinthus.

865 1632 901 1666 V.
931 1632 1001 1664 Lux
1026 1631 1112 1671 patri
1136 1629 1238 1661 factus
1262 1629 1395 1660 meliora
1411 1627 1482 1659 vivo

932 1679 1051 1712 Pandit
1097 1677 1240 1717 exemplo
1285 1676 1481 1714 documenta,

1258 1723 1415 1763 quodnam

933 1774 1046 1814 Egerit
1056 1772 1204 1812 primum,
1222 1770 1316 1803 sociis
1329 1770 1487 1809 agendum

982 1819 1143 1860 Praecipit
1169 1821 1251 1852 actu.

877 1882 908 1913 2.
932 1878 1028 1912 Unde
1074 1884 1133 1916 pro
1176 1874 1293 1908 Christi
1334 1882 1412 1906 nece
1452 1876 1487 1905 tu

1261 1923 1425 1954 cruentam

934 1972 1066 2012 Eligens
1090 1973 1240 2009 mortem,
1279 1970 1367 2001 velut
1391 1978 1489 2009 agnus

1263 2017 1329 2049 ensi

938 2067 1027 2100 Colla
1058 2064 1195 2109 flexisti,
1230 2074 1247 2097 0
1281 2064 1333 2104 pie
1359 2068 1488 2103 martyr,

1262 2122 1280 2145 0
1305 2121 1348 2143 m1

985 2162 1069 2195 Dive
1093 2161 1210 2193 Potite.

867 2213 906 2245 V.
938 2211 962 2244 Ο
988 2210 1051 2253 pia,
1079 2218 1096 2240 0
1122 2206 1201 2239 felix
1223 2207 1336 2244 anima,
1363 2214 1381 2236 0
1400 2205 1492 2237 beate

940 2258 1098 2298 SpirituS,
1136 2258 1241 2286 terrae
1272 2252 1406 2292 spolium
1440 2260 1490 2284 oa-

1266 2301 1366 2332 dacae

940 2352 1098 2384 Deserens
1106 2349 1218 2391 carnis,
1230 2357 1287 2388 sup
1292 2356 1361 2379 eras
1370 2347 1493 2379 ovando

989 2397 1124 2431 Soandis
1146 2396 1181 2428 in
1206 2404 1306 2430 arces.
