1652 2615
727 144 960 169 -10—

534 247 561 277 2.
590 246 626 277 In
648 246 737 277 Festo
757 244 946 277 Inventionis
964 245 1056 285 pueri
1076 245 1158 276 Jesu.

334 326 380 358 In
407 327 437 358 1.
463 325 678 365 vesperis.
1003 324 1051 355 In
1078 323 1108 356 1.
1135 323 1362 355 NocturnO.

1085 396 1279 432 Antiphonae.

885 454 916 487 1.
940 454 992 485 Ex
1016 461 1071 484 ore
1095 453 1171 485 Jesu
1194 453 1286 492 pueri

940 498 1108 532 Perficitur
1131 500 1200 530 laus
1224 498 1362 537 Domini,

940 546 1022 579 Dum
1049 546 1193 578 doctores
1216 546 1400 584 interrogat,

941 594 1026 632 Quae
1038 597 1111 625 sunt
1126 593 1237 633 patris,
1257 594 1486 625 commemorat.

883 652 914 683 2.
939 649 1011 681 Non
1035 652 1108 681 sunt
1130 649 1274 689 loquelae
1297 656 1399 687 neque
1420 656 1487 679 ser-

1261 704 1379 734 mones,

939 743 1056 783 Quibus
1070 743 1204 783 exprimi
1212 744 1342 782 possent
1352 742 1486 780 dolores,

380 398 473 435 Super
491 399 631 427 Psalmos.

196 457 236 488 A.
269 456 361 488 Felix
383 456 507 488 Mariae
530 456 678 495 gaudium

266 502 428 534 Festivum
453 503 508 534 dat
529 502 712 541 tripudium,

266 549 348 580 Dum
374 550 487 580 recolit
511 548 653 584 ecclesia*

267 595 356 633 Quod
379 598 480 627 mater
503 596 636 634 innupta
660 595 727 626 sola

265 641 389 673 Moeste
413 643 587 682 quaesitum
612 640 710 673 filium

267 688 416 720 Gaudens
439 689 561 721 invenit
584 689 716 720 unicum.

440 764 562 798 Tropus.

229 840 238 850 .
265 819 322 857 Qui
347 819 407 851 fuit
429 821 463 851 in
487 820 604 859 nubilo,

264 865 380 906 Fulget
403 868 450 898 sol
471 868 537 906 J'am
564 867 665 898 denuo

311 912 442 944 Vibrato
467 914 567 955 radio,

266 958 368 991 Cessit
392 958 542 992 frendens
565 960 679 999 aquilo,

264 1007 381 1037 Auster
403 1005 493 1038 flavit
515 1007 549 1037 in
573 1007 663 1038 horto

310 1053 432 1084 Blande
456 1054 606 1093 virgineo.

230 1133 236 1140 .
264 1107 418 1146 Splendet
440 1107 551 1140 florum
577 1117 652 1139 area

262 1155 363 1185 Vallis
386 1155 485 1186 nitent
506 1155 584 1194 lilia,

308 1201 434 1232 Ardent
457 1210 622 1241 rosaceae3

262 1246 414 1278 Vernales
441 1248 572 1279 deliciae

263 1294 441 1326 Succedunt
462 1295 610 1326 tristitiae

308 1340 449 1380 Fugatae
472 1341 603 1373 Boreae.

229 1421 236 1428 .
263 1397 394 1427 Versum
419 1399 464 1428 est
488 1397 521 1428 in
546 1397 692 1436 gaudium

261 1442 388 1474 Doloris
412 1444 579 1483 suspirium

307 1490 384 1521 Post
407 1490 515 1522 Jesum
538 1498 679 1529 puerum,

262 1536 399 1575 Virginis
424 1537 637 1576 pectusculum

264 1582 356 1622 Capit
378 1583 432 1614 vix
456 1584 628 1623 tripudium

306 1630 395 1661 Intra
418 1639 453 1661 se
476 1631 622 1669 positum.

376 1703 419 1731 Ad
439 1703 615 1740 Magnificat.

220 1787 227 1794 .
256 1760 475 1800 Magnificanti
498 1761 666 1793 Dominum

303 1807 427 1839 Mariae
451 1809 648 1850 adsistamus,

259 1856 421 1887 lnventum
446 1856 552 1888 Jesum
580 1864 711 1893 puerum

304 1901 396 1932 Laeti
420 1902 626 1941 suscipiamus

257 1946 359 1987 Eique
381 1948 484 1980 laudis
510 1948 665 1980 canticum

302 1994 507 2027 Exsultantes
534 1996 683 2027 dicamus.

321 2106 382 2138 Ad
404 2106 668 2139 Matutinum.

390 2180 603 2208 Invitatorium.

257 2239 447 2278 Quaeramus
475 2238 641 2270 Dominum

305 2294 373 2316 cum
386 2285 509 2325 virgine
520 2287 629 2324 matre,
644 2288 802 2325 repertum

256 2332 386 2372 Semper
412 2333 578 2364 adoremus

304 2382 335 2411 et
360 2379 389 2410 ei
413 2381 497 2413 laete
517 2379 695 2420 jubilemus

941 790 1022 828 Quos
1047 790 1135 830 virgo
1159 792 1260 821 mater
1284 789 1441 828 sustinuit,

939 837 1068 875 Quando
1074 837 1226 875 puerum-J
1228 844 1313 867 esum
1321 836 1484 875 quaesivit.

882 894 911 926 3.
940 893 1021 924 Puer
1045 892 1078 923 in
1103 892 1277 924 Jerusalem

986 939 1112 978 quidem
1135 940 1338 980 remanserat,

937 986 1067 1025 Quando
1093 995 1160 1017 cum
1185 984 1368 1024 parentibus

983 1032 1060 1063 illuc
1083 1033 1279 1071 ascenderat,

938 1079 1025 1118 Quod
1052 1079 1097 1110 eis
1121 1078 1342 1110 recedentibus

982 1126 1174 1165 incognitum
1199 1127 1276 1156 erat.

999 1238 1042 1269 In
1068 1238 1099 1269 2.
1125 1237 1353 1269 Nocturno.

1076 1310 1268 1346 Anfiphonae.

877 1371 907 1402 1.
934 1369 1072 1399 Verbum
1096 1368 1211 1400 bonum
1237 1367 1394 1398 eructavit

934 1417 952 1449 J
956 1424 1036 1456 esus,
1063 1423 1133 1446 cum
1156 1414 1364 1453 interrogavit

934 1462 1070 1503 ScribaS,
1097 1470 1176 1501 quae
1199 1470 1261 1493 non
1284 1460 1451 1500 ignoravit.

873 1520 904 1552 2.
930 1518 1012 1549 Dum
1041 1518 1074 1548 in
1099 1518 1202 1549 medio
1228 1516 1388 1548 residebat

982 1565 1152 1603 doctorum,

934 1613 1057 1651 Impetu
1083 1611 1263 1643 coelestium

977 1657 1143 1690 fluviorum

933 1704 1114 1737 Sanctificat
1138 1704 1289 1744 templum

979 1752 1063 1783 Deus
1088 1753 1226 1784 deorum.

873 1811 903 1842 3.
932 1808 1026 1847 Cujus
1044 1807 1247 1840 fundamenta
1261 1807 1293 1838 in
1309 1806 1478 1845 montibus,

933 1855 1040 1887 Stillat
1066 1855 1242 1886 doctrinam
1266 1853 1417 1891 sentibus,

932 1903 1015 1934 Puer
1040 1901 1205 1933 duodecim
1229 1909 1380 1931 annorum

933 1949 1089 1987 Repertus
1112 1958 1131 1979 a
1153 1947 1260 1979 Maria

932 1996 970 2027 In
993 1994 1097 2027 medio
1124 1995 1294 2026 doctorum.

992 2107 1038 2138 In
1065 2108 1095 2140 3.
1122 2107 1346 2138 Nocturno.

1072 2180 1265 2217 Antiphonae.

875 2240 905 2272 1.
931 2239 1052 2271 Afferte
1075 2238 1210 2273 Domino

977 2286 1108 2325 gloriam
1135 2289 1164 2317 et
1189 2286 1349 2324 honorem,

929 2333 1013 2366 Date
1036 2332 1112 2365 Jesu
1135 2341 1233 2372 puero

976 2380 1236 2413 benedictionem.
