1652 2615
762 160 1017 195 -197—

294 251 357 282 Per
382 253 484 284 sancti
508 254 637 292 Aspren
664 255 843 294 primordia
904 256 941 288 V.
970 256 1098 294 Aspren
1128 253 1248 285 cunctis

341 297 443 330 Nobis
469 302 517 331 est
541 299 735 333 confirmata.

413 382 458 409 Ad
478 383 664 410 Matutinum.

260 464 266 470 .
295 437 520 478 Magnificatur
544 440 672 471 inclitus

344 486 433 517 Petri
459 487 658 526 discipulatu,

297 531 447 564 Exsultat
470 534 597 572 Aspren
622 534 753 572 spiritus

346 577 575 611 Charismatum
600 583 722 618 ornatu,

298 624 394 663 Cujus
420 625 546 657 refulsit
568 626 714 665 primitus

343 671 433 703 Haec
457 673 529 704 aula
552 674 744 712 praesulatu.

356 795 417 825 Ad
443 794 711 827 Matutinum.

429 869 647 895 Invitatorium.

298 925 439 957 Plaudat
463 926 598 957 ecclesia

346 971 457 1004 Laude
480 973 660 1012 multiplici,

299 1019 405 1058 Agens
430 1020 596 1051 sollemnia

347 1065 443 1098 Sacro
468 1065 623 1106 pontifici.

356 1179 403 1210 In
430 1179 460 1212 1,
485 1178 711 1209 Nocturno.

439 1252 636 1287 Antiphonae.

261 1335 267 1341 .
293 1309 332 1340 In
356 1308 426 1347 lege
452 1308 566 1340 Christi
593 1308 721 1339 Domini

340 1354 430 1386 Fixit
454 1355 647 1387 voluntatem

293 1402 452 1433 Virtutum
475 1410 607 1433 cernens
627 1401 747 1432 homini

340 1448 457 1480 Datam
485 1450 686 1488 potestatem.

260 1531 267 1538 .
292 1504 487 1537 Praedicans
511 1504 564 1537 hic

341 1554 545 1591 praeceptum
569 1551 708 1590 Domini,

291 1598 434 1630 Mentem
457 1601 552 1638 parat

341 1654 478 1685 superno
503 1645 624 1682 lumini,

295 1692 429 1726 Gentem
453 1692 563 1724 subdit

341 1739 447 1771 divino
472 1739 603 1771 numini.

261 1820 268 1828 .
294 1795 421 1827 Exaltat
450 1795 512 1827 Dei
534 1794 629 1833 filius,

342 1841 453 1874 Gloria
476 1845 666 1878 sanctorum,

294 1890 399 1929 Caput
420 1890 548 1929 Aspren
573 1888 740 1920 sublimius

339 1936 376 1968 In
402 1945 477 1968 arce
500 1937 636 1976 piorum.

430 2021 636 2057 Responsoria.

256 2104 263 2111 .
290 2077 472 2117 Majestatis

338 2134 479 2159 summae
505 2125 669 2157 consilium

290 2174 329 2206 In
354 2173 488 2205 salutem

340 2220 418 2252 dans
442 2220 561 2252 mundo
585 2218 686 2251 filium

292 2267 424 2299 Servum
448 2270 551 2307 parat,

340 2322 398 2353 per
423 2315 510 2354 qu'us
536 2314 676 2346 studium

289 2361 465 2393 Invitemur

338 2408 380 2441 ad
404 2409 490 2441 vitae
512 2408 659 2448 fiuviunr,

1020 303 1203 341 praegustat
1227 299 1364 339 plenius,

974 348 1019 380 Ut
1041 348 1075 378 in
1101 348 1185 379 cives

1022 393 1175 426 refundat
1198 393 1323 424 melius,

919 453 949 484 2.
976 450 1206 490 Evangelizans
1234 449 1378 490 gratiam,

977 497 1045 535 Qua
1069 495 1215 529 fundavit
1242 496 1406 527 ecclesiam

1020 544 1172 583 Princeps
1196 543 1419 583 apostolorum,

973 591 1112 623 Primum
1133 591 1260 629 Aspren
1282 589 1419 621 irradiat

974 638 1041 677 Quo
1069 641 1173 668 mente
1200 637 1282 668 dona
1306 636 1411 675 capiat

1024 683 1211 715 Caelestium
1236 684 1399 715 bonorum.

905 731 944 764 V.
976 730 1116 762 Devotus
1142 730 1335 762 audientiam

976 777 1136 810 Praebens
1161 778 1202 809 ad
1228 777 1416 816 sapientiam

1024 824 1065 855 Se
1089 823 1241 856 transfert
1268 824 1462 863 angelorum.

908 882 939 913 3.
966 880 1104 912 Verbum
1130 880 1215 912 vitae

1029 927 1099 957 dum
1126 926 1188 957 sibi
1211 926 1356 968 mittitur,

979 973 1097 1006 Christi
1120 972 1215 1004 fidem

1026 1028 1144 1060 pronus
1169 1020 1379 1059 amplectitur,

978 1067 1082 1098 Fonte
1104 1067 1189 1098 vitae

1022 1115 1135 1143 unctus
1155 1113 1357 1152 abstergitur,

977 1159 1151 1192 Vetustatis

1022 1213 1106 1237 noxa
1129 1206 1312 1245 repellitur;

904 1251 941 1283 V.
972 1251 1054 1283 Nam
1080 1253 1200 1284 solutus

1021 1299 1180 1337 languoris
1205 1298 1330 1329 vinculo

975 1345 1090 1384 Sospes
1114 1346 1222 1377 haurit

1024 1392 1064 1423 (10
1088 1393 1173 1425 vitae
1197 1392 1322 1431 poculo.

1032 1476 1079 1508 111
1105 1479 1137 1509 2.
1164 1476 1224 1507 No
1237 1479 1397 1509 oturno.

1115 1531 1311 1567 Antiphonae.

916 1580 947 1612 1.
973 1579 1178 1612 Invocantem

1019 1627 1146 1665 Aspren
1170 1626 1358 1666 suppliciter

974 1673 1151 1705 Exaudivit

1023 1719 1165 1751 Christus
1189 1719 1339 1758 fideliter,

974 1767 1083 1806 ipsum
1108 1766 1217 1799 fovens

1020 1814 1055 1845 in
1079 1813 1161 1846 bono
1182 1814 1311 1854 jugiter.

917 1863 947 1894 2.
973 1860 1072 1892 Mane
1094 1861 1231 1901 primum
1257 1861 1372 1892 claruit

1022 1907 1096 1940 Sole
1119 1909 1275 1947 radiante,

975 1954 1052 1987 Cum
1075 1955 1129 1988 hic
1154 1956 1312 1988 Christum
1336 1955 1440 1987 induit

1021 2003 1116 2035 Petro
1142 2004 1360 2043 praedicante.

916 2061 947 2092 3.
974 2059 998 2091 O
1025 2068 1117 2099 quam
1144 2063 1193 2091 est
1217 2059 1419 2101 admirabile,

1021 2106 1120 2145 Quam
1146 2111 1192 2139 est
1218 2106 1427 2148 glorificatum

976 2153 1094 2186 Christi
1118 2164 1232 2187 nomen
1258 2154 1394 2186 amabile

1022 2201 1084 2233 Per
1110 2204 1235 2243 Aspren
1260 2202 1489 2242 praedicatum.

1110 2268 1318 2301 Responsoria.

915 2315 947 2347 1.
973 2314 1159 2355 Expurgato
1184 2315 1344 2354 nequitiae

972 2362 1143 2394 Fermento
1165 2362 1232 2401 jam
1257 2361 1418 2400 primitiae

1023 2408 1148 2441 Christo
1173 2408 1420 2448 sanctificantur,
