1652 2615
158 232 191 262 V.
227 231 330 264 Nocte
355 241 452 271 agnus
950 232 1123 273 propinans
1151 232 1267 271 populo

273 280 383 319 legalis
408 279 579 318 manditur,
997 279 1096 311 Vitali
1120 280 1243 319 poculo.

227 325 348 364 Culpae
371 326 485 357 umbra
835 325 872 359 V.
906 326 956 358 Ex
980 326 1124 357 ubertate
1149 326 1270 365 gratiae

284 372 401 405 Christi
426 373 496 404 luce
520 372 660 412 pellitur.
906 373 1000 404 Tales
1027 373 1142 405 dantur
1168 372 1310 404 deliciae.

169 442 201 472 4-
230 439 368 471 Verbum
392 439 477 471 vitae
849 440 879 470 3.
906 440 1138 471 Ascendentem

273 487 307 517 in
331 495 439 518 mensa
466 485 615 528 loquitur,
954 485 1112 518 Christum
1139 486 1178 516 de
1201 486 1262 517 hac
1285 485 1413 516 miseria

227 534 258 564 A
281 541 316 563 se
339 533 409 572 ipso
906 532 1136 571 Prosequamur

275 580 367 618 panis
393 579 567 618 conficitur,
952 587 1011 617 per
1035 581 1144 610 sancta
1169 579 1336 617 desideria,

228 624 396 659 Confectus
414 626 461 657 sic
906 625 1004 657 Vadit
1027 634 1118 657 orare

275 672 364 705 Iesus
390 673 532 712 sumitur,
951 681 1010 711 pro
1035 671 1126 703 nobis
1151 672 1184 702 in
1209 673 1323 711 patria,

324 720 416 752 Salus
442 720 515 751 hinc
540 720 689 751 nascitur.
905 719 1038 750 Manens
1062 718 1166 757 pascit

162 768 196 800 V.
232 767 308 798 Post
330 767 362 798 in
385 770 518 798 mortem
952 774 1009 797 nos
1035 764 1233 797 eucharistia.

277 822 297 845 a
321 812 422 845 fratre
446 813 593 854 traditus»,
835 813 872 845 V.
906 812 969 844 Per
993 821 1083 852 quem
1109 812 1173 843 tale

229 860 367 900 Surgens
391 860 471 892 vivit
950 859 1040 891 nobis
1059 859 1165 890 datum
1184 861 1232 889 est
1247 858 1451 895 promissum:

275 908 404 939 illaesus
430 907 564 947 penitus.
907 906 996 938 Vado
1021 914 1147 946 semper

951 961 1116 984 mansurus
1140 951 1311 983 vobiscum.

285 1010 332 1042 ῙΠ
354 1012 385 1043 2—
411 1010 641 1042 NOC‘GUI'UO·
848 1019 879 1051 4.
905 1018 1046 1050 Granum
1068 1016 1185 1049 florens
1208 1018 1243 1048 in
1266 1015 1367 1048 fertili

904 1065 992 1105 Agro
1018 1065 1135 1096 ventris
1161 1063 1304 1103 virginei,

240 1142 246 1148 .
266 1142 272 1148 .
371 1085 565 1148 Anu-phonae.
905 1111 1003 1143 Sacro
1027 1113 1128 1142 satum
1153 1111 1333 1150 spiramine,

160 1143 190 1175 1·
215 1141 350 1173 smebat
375 1141 518 1193 Chnsmf
906 1159 1030 1190 Poenae
1053 1158 1163 1188 tritum
1188 1158 1380 1198 gravamine,

264 1188 591 1241 salntem.h⁰m3n.um’
903 1206 966 1237 Pro
992 1204 1108 1236 amoris
1133 1203 1293 1242 signaculo

217 1235 279 1267 3¹¹⁰
304 1243 456 1275 sangume
479 1238 563 1287 ΜΕ,
672 1280 679 1287 ,
905 1251 960 1282 Fit
982 1251 1073 1290 panis
1096 1251 1129 1282 in
1156 1251 1333 1284 coenaculo.

263 1285 391 1314 nostrae
415 1282 529 1313 sedans
553 1281 743 1312 incendium.
833 1300 872 1331 V·
906 1298 984 1330 Flos
1009 1301 1057 1329 est
1080 1297 1213 1337 Pulcher

158 1341 191 1372 2.
212 1338 357 1379 Migrans
383 1338 527 1371 Christus
554 1337 706 1369 fratribus
947 1346 1036 1385 Puris
1062 1344 1272 1383 adspectibus,

263 1385 354 1417 Vitae
377 1383 608 1417 firmamentum
903 1392 1000 1424 Panis
1024 1400 1117 1423 sanus

219 1433 368 1473 001'901'15
394 1434 426 1462 0⁴⁰
449 1431 609 1471 sangninis
952 1438 1077 1470 mundis
1101 1437 1274 1469 affectibus

262 1480 378 1511 Tradit
401 1481 640 1511 sacramentum.

157 1539 187 1570 3.
216 1536 313 1568 Liber
337 1536 421 1568 omni
446 1535 523 1567 vitio
965 1533 1010 1563 In
1036 1534 1066 1565 3.
1093 1531 1320 1564 Nocturuo.

265 1583 379 1615 Gustet
402 1582 455 1613 hic
478 1580 594 1620 fidelis,

216 1630 313 1668 Quem
340 1632 414 1669 post
436 1630 531 1669 pleno
556 1629 670 1669 gaudio
1084 1664 1090 1669 Ι
1304 1663 1310 1669 .

262 1676 381 1709 Videat
405 1676 440 1707 in
465 1676 571 1708 caelis,
846 1665 876 1697 1.
899 1665 1023 1696 Memor
1047 1662 1109 1695 fmt
1132 1665 1313 1694 testamenti

952 1710 1105 1742 Dominus
1129 1718 1187 1741 rex
1211 1710 1341 1751 gloriae,

1038 1607 1244 1642 Responsoria.

358 1760 565 1795 Responsoria.
906 1757 947 1789 Se
971 1758 1027 1790 dat
1051 1765 1153 1788 escam
1177 1757 1367 1788 sacramenti

169 1820 200 1852 1.
228 1818 323 1851 Panis
350 1818 544 1850 descendens
571 1817 701 1848 coelitus
954 1804 1085 1844 Dignus,
1112 1807 1148 1835 11¹⁵
1172 1803 1300 1843 aporiae

274 1864 392 1898 Mentis
418 1864 545 1904 supplet
568 1864 707 1903 inopiam
904 1852 993 1884 MOI'S
1018 1854 1148 1883 necetur
1172 1857 1204 1882 et
1226 1856 1378 1891 purgetur

228 1914 396 1952 Vitamque
420 1911 559 1944 reddens
583 1912 709 1952 penitus
952 1899 1027 1932 Vita
1051 1908 1141 1940 zyma
1164 1899 1295 1951 scoriae,

274 1961 339 1993 Dat
363 1960 537 2000 gratiarum
560 1959 692 1997 copiam,
835 1948 873 1980 V.
906 1946 951 1979 Ut
974 1955 1058 1978 nunc
1081 1954 1187 1978 rerum
1210 1946 1293 1978 fac1e

953 1992 1097 2026 Gerimus
1122 2002 1181 2033 per
1204 1994 1322 2033 Jesum,

905 2041 1013 2080 Ipsum
1038 2041 1154 2084 mentis
1179 2041 1247 2072 acie

951 2088 1045 2121 Vitae
1071 2088 1186 2119 scimus
1213 2096 1309 2121 esum.

156 2010 194 2043 V.
229 2007 324 2048 Signo
350 2007 451 2039 crucis
478 2006 518 2039 de

273 2055 365 2095 panis
387 2054 520 2086 materia

225 2103 352 2135 Virtute
376 2101 467 2134 verbi

271 2150 309 2183 fif·
334 2148 534 2183 eucharistia·
846 2157 880 2189 2.
903 2155 987 2187 Vere
1010 2154 1131 2194 «loseph
1154 2153 1263 2186 tunica

167 2210 200 2241 2.
225 2207 318 2239 Felix
345 2215 428 2246 carc,
950 2201 1035 2234 Mire
1058 2201 1213 2242 polymita

274 2256 314 2287 de
338 2255 427 2294 cujus
452 2252 546 2293 epulo
904 2249 1055 2282 Passione
1077 2249 1195 2288 punica

225 2303 329 2334 Tanta
352 2302 437 2333 salus
951 2295 1050 2328 Nobis
1076 2295 1232 2337 redimita,

270 2349 432 2382 redundat
454 2348 581 2381 saeculo
902 2344 974 2376 Hac
996 2343 1148 2375 vestimur
1170 2343 1265 2374 unica

224 2396 269 2429 Et
293 2397 476 2437 sanguinem
950 2390 1044 2424 Nunc
1068 2392 1100 2421 et
1122 2390 1189 2430 poli
1211 2390 1286 2422 vita.
