1652 2615
211 708 308 734 Hiczu
337 707 383 734 die
409 707 545 735 Hvrnnen
570 709 601 734 in
621 707 723 742 Vcsp.:

354 206 399 238 In
422 210 453 241 2.
481 208 587 248 Vesp
598 208 694 242 eris.

397 290 490 326 Super
504 292 646 319 Psalmos.

209 366 250 398 A.
284 366 322 397 In
348 365 569 403 splendoribus
594 370 770 398 sanctorum

333 411 478 444 Salvator
502 413 633 454 genitus,

282 458 320 489 In
345 459 474 490 consilio
496 459 652 497 justorum

328 503 462 543 Magnus
488 506 537 535 est
561 504 694 544 agnitus,

280 550 388 581 Rectis
414 551 509 582 corde

329 596 382 627 dat
406 596 511 628 lumen
537 605 673 631 cernere

959 208 1125 240 Suscitatis

1007 255 1047 286 de
1071 255 1182 287 mundi
1206 256 1346 294 pulvere.

1072 318 1118 345 Ad
1136 317 1317 353 Magnificat.

889 366 927 398 A.
961 365 1032 396 Lux
1057 364 1158 405 fulget
1183 365 1315 396 celebris

1005 411 1125 444 Christi
1148 411 1338 451 praesentia,

958 457 1008 488 De
1033 457 1136 487 carnis
1160 456 1292 487 latebris

1003 503 1129 534 Emicat
1152 502 1263 544 gloria,

957 550 1043 588 Quae
1067 549 1183 580 nostris
1208 549 1348 580 tenebris

1004 594 1150 627 Infundit
1174 596 1298 635 gaudia.

289 670 373 697 Brev.
394 678 446 697 ms.
467 670 702 697 Praedicatorum
723 678 797 697 saec.
819 668 861 696 14.
882 670 922 696 in.
956 667 1025 696 Cod.
1046 668 1208 696 Londinen.
1228 669 1298 704 Reg.
1319 667 1337 695 2
1356 669 1380 696 A
1400 670 1451 696 XI.
1472 683 1509 687 —

758 707 898 734 Coelestis
925 707 1044 734 formam
1070 706 1182 742 gloriae
1207 706 1305 741 (Mone
1326 707 1355 740 1,
1386 704 1444 741 85);
1472 707 1509 734 ad

212 745 252 771 Nc
270 747 310 771 zt.:
339 739 480 779 Splendor
502 746 612 773 aeterni
632 744 751 772 luminis
771 744 887 779 (Mol-el,
910 743 937 771 S.
958 742 1015 779 16),
1041 745 1073 770 in
1091 744 1199 771 Laud-z
1225 744 1332 771 Mentis
1352 744 1445 772 fervet
1462 744 1509 771 de-

209 783 289 809 vctio
310 781 404 816 (Anal.
425 783 491 817 XII,
514 781 566 818 16).

670 939 699 969 4.
728 939 770 969 De
788 938 976 969 Vulneribus
998 938 1053 969 DN.

351 1025 396 1056 In
421 1026 451 1059 1.
481 1026 692 1066 Vesperis.

424 1099 618 1135 Antiphonae.

253 1181 258 1187 .
284 1155 412 1186 Adsunt
436 1160 637 1188 sacrosancta
660 1156 742 1189 festa

331 1202 499 1234 Beatorum
525 1204 699 1244 vulnerum,

282 1248 367 1286 Quae
390 1248 507 1281 inflixit
530 1259 605 1290 gens
630 1249 755 1282 funesta

332 1294 473 1328 Creatori
499 1297 648 1330 siderum.

253 1384 260 1391 .
287 1358 329 1389 Hi
354 1362 485 1392 cancelli
511 1362 647 1405 pietatis,

332 1406 394 1437 Per
419 1417 495 1447 quos
520 1417 652 1447 sponsus
669 1410 833 1450 prospicit,

284 1452 336 1483 Ad
361 1455 522 1493 amplexus
548 1456 688 1487 caritatis

334 1499 487 1538 Sponsam
513 1502 647 1533 clemens
672 1503 780 1534 allicit.

255 1588 262 1594 .
288 1564 348 1595 His
372 1565 405 1595 in
431 1568 572 1599 cavernis
597 1570 759 1607 petrarum

336 1611 488 1644 Turtures
512 1613 678 1646 nidificant

286 1657 330 1689 Et
354 1660 514 1699 accipitris
539 1670 666 1692 avarum

332 1705 468 1744 Raptum
494 1707 746 1747 praeludificant.

257 1793 262 1799 .
289 1770 374 1801 Vasa
397 1772 530 1809 pulchra
554 1774 636 1813 regis
663 1773 753 1806 fortis

333 1816 493 1850 Stillantia
518 1820 714 1852 dulcedinem

287 1862 476 1902 Effugarunt
501 1866 587 1897 dirae
611 1868 721 1898 mortis

333 1910 492 1949 Perpetim
518 1913 707 1945 acredinem.

406 2004 451 2030 Ad
471 2004 647 2040 Magnificat.

249 2093 256 2100 .
289 2067 409 2108 Gaude,
436 2070 565 2111 coelum,
591 2073 686 2114 terra,
708 2073 835 2111 plaude,

288 2114 417 2146 Festum
442 2116 532 2148 adest
559 2117 686 2157 dignum
709 2118 804 2150 laude

335 2161 503 2194 Beatorum
528 2164 690 2195 vulnerum

290 2208 417 2248 Christi,
443 2210 489 2249 pii
513 2211 733 2250 redemptoris,

288 2256 384 2294 Quem
411 2257 570 2288 collaudat
594 2266 654 2289 vox
681 2258 818 2291 dulcoris

287 2302 430 2334 Hominis
454 2303 613 2335 interioris

337 2349 513 2383 Dulcedine
538 2351 742 2391 dragmatum.

959 1026 1035 1065 Nos,
1062 1026 1115 1065 qui
1140 1027 1304 1058 vulnerum
1330 1036 1441 1059 cruore

959 1073 1129 1112 Redempti
1155 1082 1271 1113 sumus,
1301 1074 1420 1106 honore

958 1120 1074 1151 Debito
1100 1118 1212 1151 festum
1241 1121 1378 1152 colamus

1008 1166 1190 1206 Vulnerum,
1217 1168 1408 1206 perennibus

1005 1213 1051 1246 Ut
1073 1212 1247 1245 inferamur
1271 1215 1406 1254 gaudiis.

1023 1307 1084 1338 Ad
1108 1307 1374 1341 Matutinum.

1090 1380 1301 1408 Invitatorium.

963 1437 1139 1468 Adoremus
1164 1439 1274 1469 summi
1301 1440 1386 1479 regis

1009 1484 1149 1523 pretiosa
1172 1485 1313 1526 vulnera,

963 1531 1140 1572 Vigilanter
1165 1531 1330 1564 offeramus

1010 1578 1072 1617 ipsi
1096 1578 1225 1610 laudum
1248 1589 1387 1613 munera.

1025 1672 1068 1703 In
1095 1672 1126 1705 1.
1152 1672 1380 1707 Nocturno.

1102 1746 1296 1782 Antiphonae.

906 1804 933 1836 1,
961 1803 1082 1834 Pilatus
1107 1804 1290 1836 vulneribus

1010 1849 1128 1881 Christi
1154 1859 1269 1890 corpus
1295 1853 1425 1895 cruciat,

962 1895 1008 1927 Ut
1031 1895 1163 1935 flagrum
1187 1899 1354 1936 generibus

1009 1941 1199 1982 Sanguinem
1224 1946 1372 1981 excutiat.

904 2008 936 2040 2.
964 2006 1063 2038 Cruor
1086 2006 1156 2039 fluit
1179 2018 1288 2042 roseus

1009 2053 1060 2085 Ex
1081 2055 1229 2087 membris
1255 2060 1399 2100 sacratis,

962 2101 1024 2132 Per
1049 2109 1129 2139 quae
1152 2102 1251 2135 stillat
1276 2104 1412 2139 dulciter

1012 2146 1123 2180 Gratia
1146 2148 1257 2182 beatis.

906 2215 937 2246 3.
965 2212 1085 2252 Corpus
1114 2214 1190 2245 mite
1212 2216 1289 2248 Jesu

1010 2268 1174 2292 numeroso
1200 2263 1329 2296 vulnere
1353 2267 1481 2313 laesum,

964 2306 1017 2337 Ad
1044 2309 1136 2346 caput
1163 2317 1181 2339 a
1206 2309 1316 2347 planta

1012 2354 1187 2386 transvolat
1210 2356 1266 2387 ille
1292 2358 1392 2393 dolor.
