1652 2615
241 260 272 291 2.
302 259 432 290 Praesul
456 259 508 290 hic
534 261 582 290 est
605 258 762 290 Maximus

345 305 438 337 laude
463 306 546 337 celsa
573 306 693 348 dignus,

299 352 394 385 Pater
417 353 508 392 hujus
531 354 665 392 patriae,

345 398 430 431 mitis
455 402 486 430 et
509 399 672 439 benignus,

228 446 267 478 V.
298 445 363 477 Nos
387 454 445 484 per
468 446 551 477 hunc
574 446 726 486 suscipiat

345 491 419 523 celsi
443 493 521 524 caeli
547 493 642 524 sinus.

240 547 271 580 3.
297 546 390 579 Sume
413 557 533 588 preces,
559 548 693 588 Juliane,

299 593 440 626 Civitatis
464 595 635 627 Paduanae

342 640 445 679 Digne
468 640 554 673 fusas
577 641 681 681 hodie,

230 687 268 721 V.
300 686 443 719 Gloriose
466 688 574 720 mundi
599 688 709 724 victor,

344 734 458 766 Preces
481 738 605 767 nostras
630 735 762 774 suscipe.

243 791 275 822 4.
302 790 350 821 Tu
374 790 467 822 decus
492 799 524 821 es
548 791 730 830 munditiae,

299 836 442 869 Gloriosa
465 836 625 877 Felicitas,

301 883 363 915 Per
386 885 418 913 te
441 886 549 916 nostra
571 885 712 923 parvitas

346 929 394 961 Sit
416 934 545 970 accepta
568 931 646 971 Deo,

228 977 267 1008 V.
296 977 335 1008 In
359 978 518 1008 aeternum
543 978 695 1017 gloriaris,

299 1022 421 1061 Sponsa
446 1023 562 1055 Christi
587 1024 764 1065 singularis,

343 1069 382 1100 In
406 1071 528 1101 excelso
554 1070 649 1103 caelo,

354 1191 399 1222 In
422 1193 454 1224 3.
478 1191 704 1224 Nocturno.

434 1264 479 1291 Ad
500 1264 629 1291 Cantica.

229 1320 268 1351 A.
299 1320 337 1351 In
360 1322 444 1351 terra
466 1321 590 1352 Domini

344 1369 451 1398 tenent
475 1368 612 1406 duplicia

299 1412 396 1443 Victis
422 1414 584 1453 suppliciis

344 1462 468 1499 sumpta
491 1461 619 1493 laetitia.

430 1534 553 1569 Responi
559 1535 632 1562 ¹oria.

243 1589 272 1623 1.
300 1589 324 1620 Ο
349 1598 469 1621 sacrum
497 1591 669 1631 depositum

341 1636 434 1667 trium
458 1638 667 1680 innocentum,

292 1681 427 1720 Quorum
452 1684 493 1715 ad
517 1685 680 1716 victoriam

337 1728 416 1760 fides
441 1734 489 1762 est
511 1734 686 1772 parentum,

291 1775 411 1807 Horum
430 1776 536 1809 ferens
560 1778 689 1817 spiritus

338 1831 434 1862 supra
456 1823 696 1866 firmamentum,

225 1870 262 1903 V.
292 1869 487 1902 Cohaeredes
511 1871 587 1904 Jcsu
612 1872 729 1905 Christi

335 1915 412 1948 fiunt
434 1918 468 1950 in
493 1920 678 1959 exemplum.

232 1974 262 2005 2.
290 1972 314 2004 O
339 1973 431 2005 beata
452 1974 613 2017 Felicitas,

289 2019 382 2058 Cujus
406 2022 452 2052 sic
474 2023 665 2062 generositas

335 2067 444 2099 Placet
466 2070 534 2109 regi
559 2071 726 2112 caelorum,

333 2113 436 2146 Decus
460 2116 584 2157 insigne
607 2126 737 2156 morum,

222 2159 257 2191 V.
289 2160 370 2192 Cara
392 2163 583 2202 placensque
608 2165 722 2195 caritas

337 2207 461 2240 Sodalis
488 2210 678 2249 angelorum.

231 2265 261 2297 3.
288 2264 366 2304 Ave,
392 2265 481 2297 sidus
503 2274 641 2306 aureum,

334 2310 460 2343 Juliane
484 2316 601 2353 sancte,

289 2357 391 2389 Jubar
414 2359 491 2390 solis
517 2359 679 2400 fulgidum,

332 2406 364 2435 te
391 2406 609 2444 patrocinante

838 164 906 199 246
956 186 998 190 —

901 352 938 385 V.

910 464 943 495 4.

973 259 1093 291 Nostra
1115 260 1156 291 sit
1182 259 1316 291 societas

1017 315 1086 337 cum
1111 315 1230 337 summo
1255 307 1415 345 regnante,

967 352 1081 384 Mundi
1106 355 1215 392 spreto
1238 352 1366 383 tramite

1013 399 1149 431 Domino
1177 399 1324 433 donante,

970 464 1062 495 Felix
1086 465 1189 495 mater
1215 463 1358 503 ecclesia,

968 510 1065 549 Quam
1089 510 1223 542 Maximi
1249 510 1416 542 clementia

1013 557 1154 589 Maxime
1180 557 1320 596 decorat,

968 603 1063 643 Cujus
1088 607 1178 644 grata
1204 603 1339 645 devotio,

969 651 1080 683 Caelos
1104 651 1260 682 scandens
1286 651 1388 682 oratio

1014 699 1076 730 Pro
1098 698 1189 729 nobis
1215 700 1333 738 exorat,

930 767 938 775 .
969 744 993 776 Ο
1020 745 1213 784 praecelsum
1242 743 1428 784 depositum,

970 792 1059 830 Quod
1081 792 1215 831 supplex
1241 791 1319 823 haec
1344 791 1478 822 ecclesia

1014 838 1206 877 Tripudians
1230 838 1374 872 honorat.

1054 979 1070 1011 Ι
1080 988 1100 1009 n
1124 978 1152 1010 L
1161 987 1180 1010 a
1188 988 1208 1009 u
1219 978 1289 1010 dib
1298 988 1319 1009 u
1328 988 1354 1012 S.

1104 1052 1299 1087 Antiphonae.

933 1133 941 1141 .
967 1108 1128 1140 Laudibus
1152 1110 1324 1141 innumeris

1013 1158 1183 1188 veneratur
1207 1157 1343 1188 ecclesia

966 1202 1059 1233 Diem
1083 1202 1267 1234 Sanctorum
1292 1203 1419 1235 Domini

1015 1249 1128 1281 devota
1153 1258 1222 1281 cum
1244 1250 1376 1282 laetitia.

936 1340 942 1346 .
967 1313 1054 1345 Luce
1077 1314 1265 1354 splendifica

1014 1361 1184 1401 splendent
1204 1362 1237 1393 in
1261 1362 1389 1394 aethere

967 1407 1128 1446 Quondam
1156 1408 1284 1448 inglorii

1015 1454 1120 1486 divino
1144 1464 1282 1488 munere.

932 1544 939 1550 .
966 1518 1054 1550 Sicut
1077 1529 1187 1551 aurum
1211 1521 1380 1560 approbati

1011 1565 1133 1606 Spretis
1158 1568 1267 1599 mundi
1293 1568 1427 1608 dapibus

965 1612 1067 1645 Caelis
1092 1614 1231 1654 gaudent
1255 1615 1401 1647 collocati

1008 1660 1115 1691 Juncti
1141 1661 1219 1692 caeli
1242 1662 1373 1694 civibuS.

961 1725 1075 1756 Preces
1100 1725 1261 1767 effundite,

1011 1772 1118 1804 dilecti
1141 1773 1288 1813 Domino,

960 1819 1022 1851 Pro
1048 1823 1158 1852 cuncto
1183 1821 1320 1861 supplici

1007 1869 1114 1899 nostro
1143 1868 1284 1909 collegio.

927 1954 934 1961 .
960 1931 1052 1963 Beati
1077 1934 1180 1965 sancti
1203 1934 1341 1976 Domini,

1007 1979 1067 2019 Qui
1090 1984 1197 2020 spreto
1221 1982 1330 2014 mundi
1355 1983 1471 2023 gaudio

960 2025 1077 2058 Divino
1104 2028 1262 2067 plaudunt
1284 2030 1414 2063 nomini.

1076 2120 1124 2147 Ad
1142 2121 1328 2150 Benedictus.

923 2201 930 2209 .
962 2176 987 2208 ο
1008 2177 1093 2209 ‚mim
1117 2177 1295 2218 benignitas

1000 2223 1130 2256 Domini
1153 2225 1322 2267 caelorum,

961 2270 1020 2309 Qui
1039 2280 1099 2303 nos
1125 2272 1173 2304 sic
1193 2273 1348 2309 laefififflt

1003 2318 1126 2357 gaudiis
1151 2323 1331 2352 sanctorum

962 2364 1007 2395 Et
1029 2364 1102 2396 illos
1128 2366 1286 2405 glorificat

1007 2410 1073 2444 vita
1096 2411 1271 2446 beatorum.
