1652 2615
233 238 263 271 5.
291 237 407 270 Omnes
431 241 553 278 gentes,
579 238 748 271 Dominum

338 284 389 315 De
413 284 510 315 caelis
534 285 674 326 laudate,

292 331 351 369 Qui
379 331 434 363 dat
458 332 552 363 matri
578 333 734 372 geminum

338 378 445 409 Decus
469 378 622 410 illibatae.

407 452 457 479 Ad
477 452 661 481 Benedictus.

217 510 254 542 A.
285 510 462 542 Benedicta

335 560 440 589 mater
461 557 619 599 altissimi,

291 603 454 636 Gaudiosa

339 650 449 682 mundi
474 659 548 690 spes
569 651 673 694 unica,

290 698 437 729 Praestet
461 697 552 729 nobis

336 745 472 777 adversa
496 745 628 784 reprimi

287 792 332 824 Et
360 791 519 832 perducat

335 840 377 871 ad
403 847 501 879 regna
527 840 656 872 caelica.

838 143 905 178 159
953 163 998 168 —

1042 241 1088 272 In
1115 240 1146 271 2.
1172 238 1385 277 vesperis.

1090 341 1135 368 Ad
1155 340 1333 376 Magnificat.

902 421 940 450 A.
970 419 994 451 Ο
1017 421 1119 450 mater
1144 417 1339 457 clementiae,

1017 466 1102 498 Aula
1125 465 1288 503 trinitatis,

970 513 1070 545 Plena
1095 512 1185 543 donis
1210 512 1331 551 gratiae

1016 559 1061 591 Et
1079 559 1298 599 Jucunditatis,

972 606 1018 637 Te
1042 606 1209 637 laudantes
1235 605 1331 637 hodie

1017 652 1177 685 Mundans
1202 661 1222 683 a
1245 652 1386 692 peccatis

965 699 1049 731 Data
1072 699 1189 731 mundo
1214 700 1323 739 requie

1019 746 1179 786 Gonjunge
1202 746 1315 779 beatis.

292 905 377 932 Brev.
404 912 457 932 ms.
482 904 738 932 Hildesheimense
765 913 839 932 saec.
869 904 911 932 15.
953 905 1021 933 Cod.
1047 906 1141 942 Capit.
1161 905 1309 932 Treviren.
1339 903 1401 932 180.
1424 905 1457 932 A.
1484 920 1522 924 —

216 942 303 969 Brev.
332 942 520 970 Goslariense
552 943 621 978 imp.
647 943 849 970 Halberstadii
883 942 963 971 1525.
991 944 1023 971 B.
1052 958 1089 962 —
1120 943 1205 970 Brev.
1232 943 1420 970 Narbonem*
1452 944 1520 977 imp.

217 980 417 1008 Carcassonae
444 977 525 1007 1535.
553 981 584 1006 C.
609 996 645 1000 —
669 981 712 1008 In
738 979 764 1007 2.
788 981 816 1008 N
824 983 891 1008 oct.
918 979 938 1006 R
970 980 999 1015 1,
1026 980 1046 1009 4
1066 983 1110 1009 est
1125 980 1198 1007 fehlt
1217 980 1247 1007 C.
1275 995 1308 999 —
1337 979 1356 1006 R
1383 979 1413 1013 2,
1441 977 1459 1005 2
1485 979 1522 1006 ad

216 1018 363 1045 caelorum
385 1018 415 1046 C.
437 1031 473 1035 —
493 1018 508 1044 I
515 1026 535 1044 11
554 1018 662 1045 Laud.
683 1017 706 1044 Α
727 1016 758 1052 3,
788 1016 802 1045 1
823 1019 908 1046 nobis
928 1019 1002 1046 fehlt
1021 1019 1050 1046 C.
1070 1032 1103 1037 —-—
1127 1016 1149 1044 Α
1170 1016 1201 1052 3,
1222 1016 1240 1044 2
1259 1019 1339 1046 Fusa
1358 1019 1431 1046 caeli
1447 1026 1521 1044 rore.

217 1054 248 1082 O.
270 1070 306 1074 —
327 1056 465 1090 Hymnen
487 1055 570 1082 Anal.
590 1056 650 1083 ΧΗ
669 1057 719 1084 Nr.
747 1053 799 1083 109
819 1056 878 1083 und
901 1054 963 1084 110.

681 1175 727 1206 52.
758 1175 802 1206 De
823 1175 950 1206 Gaudiis
969 1175 1056 1206 BllV.

354 1254 400 1286 In
428 1254 458 1285 1.
486 1253 702 1293 Vesperis.

427 1346 623 1382 Antiphonae.

228 1405 257 1437 1.
286 1404 427 1443 Gabriel,
455 1412 564 1435 cursor
589 1405 734 1445 caelicus,

286 1451 527 1491 Paranymphus
551 1451 746 1494 magnificus,

331 1499 414 1530 Dum
443 1498 571 1539 salutat,
597 1499 751 1539 virginem

284 1547 466 1585 Perturbat,
493 1546 550 1577 sed
575 1546 778 1585 subsequitur

285 1592 454 1633 Gaudium,
483 1593 556 1625 dum
582 1594 802 1633 complectitur

330 1641 433 1672 Deum
459 1639 578 1672 factum
603 1641 770 1672 hominem.

225 1708 256 1739 2.
283 1706 418 1746 Gaudet,
446 1706 545 1746 virgo,
574 1707 647 1738 dum
672 1707 823 1744 nascitur,

282 1754 327 1785 Et
349 1753 467 1785 mundo
493 1754 600 1793 palam
626 1754 732 1785 editur

330 1801 486 1839 ChristuS,
512 1801 619 1840 proles
646 1801 745 1843 deiea‚

282 1848 384 1880 Natus
409 1850 484 1880 ante
507 1847 686 1890 luciferum,

280 1896 397 1929 Mundi
421 1896 621 1934 perlustrans
646 1904 811 1936 vesperum

327 1945 363 1976 In
389 1952 470 1976 zona
495 1943 652 1982 ecliptica.

224 2012 255 2044 3.
283 2010 409 2043 Gaudet
433 2010 546 2041 videns
573 2013 798 2052 resurgentem,

278 2056 451 2098 Postquam
475 2057 558 2089 vidit
581 2057 767 2090 morientem

328 2105 421 2138 Cruci
447 2105 545 2137 clavis
571 2104 712 2144 affixum,

277 2154 409 2193 Quando
435 2153 687 2192 compatiebatur

277 2201 372 2242 Nato,
400 2201 454 2241 qui
478 2201 683 2241 moriebatur,

324 2249 388 2280 Per
414 2248 505 2280 cordi
530 2258 585 2280 cor
607 2249 761 2281 innixum.

219 2317 251 2348 4.
277 2315 361 2347 Dum
385 2315 531 2348 ascendit
555 2315 597 2347 ad
622 2315 762 2355 aethera,

279 2361 406 2394 Gaudet
434 2362 522 2402 virgo
549 2361 733 2394 christifera

326 2409 389 2442 Pro
414 2411 505 2444 tanta
528 2410 673 2450 victoria,

968 1255 1035 1293 Qua
1060 1257 1182 1286 tartara
1205 1255 1357 1293 spoliavit

967 1302 1011 1333 Et
1034 1301 1178 1334 homines
1205 1302 1375 1333 collocavit

1015 1350 1051 1381 In
1080 1349 1210 1380 caelesti
1235 1349 1347 1388 gloria.

908 1406 938 1437 5.
967 1405 1103 1444 Gaudet,
1130 1405 1255 1445 quando
1280 1409 1450 1437 coronatur

966 1453 1029 1484 Per
1057 1452 1157 1484 filium
1181 1455 1213 1483 et
1236 1453 1360 1485 locatur

1012 1500 1108 1532 Ultra
1133 1500 1255 1531 culmen
1281 1500 1427 1531 ordinum

965 1548 1170 1587 Angelorum,
1197 1547 1250 1586 qui
1276 1548 1476 1587 congaudent

966 1594 1029 1633 Sic,
1055 1598 1091 1626 ut
1113 1594 1190 1626 inde
1215 1603 1341 1634 semper
1365 1595 1497 1627 laudent

1014 1642 1197 1674 Creatorem
1226 1641 1407 1675 Dominum.

895 1698 932 1730 R.
964 1697 1085 1740 Gaude,
1115 1698 1202 1737 virgo
1229 1699 1410 1737 concipiens

966 1744 1040 1776 Sine
1065 1744 1152 1775 virili
1176 1745 1305 1786 semine,

963 1792 1151 1823 Emmanuel
1176 1793 1369 1834 parturienS,

963 1839 1066 1870 Deum
1095 1848 1159 1870 una
1184 1848 1254 1870 cum
1280 1840 1424 1880 homine;

966 1886 1089 1929 Gaude,
1115 1887 1220 1918 sciens
1245 1887 1434 1930 surrexisse,

965 1934 1063 1972 Quem
1088 1934 1264 1974 plangebas
1287 1935 1446 1974 interisse,

963 1981 1005 2014 Et
1030 1982 1063 2013 in
1091 1982 1211 2013 caelum
1237 1982 1436 2022 ascendisse3

966 2029 1087 2068 Gaude,
1115 2030 1199 2069 quod
1224 2032 1297 2069 post
1322 2030 1492 2062 assumeris

964 2078 1149 2117 Regnatura
1177 2086 1244 2109 cum
1271 2079 1406 2120 supens‚

964 2125 1009 2158 Ut
1034 2134 1125 2165 opem
1151 2123 1237 2156 feras
1261 2126 1397 2166 miseris,

963 2172 1046 2211 Quos
1076 2172 1164 2204 rodit
1188 2173 1304 2204 vermis
1329 2172 1471 2205 sceleris,

891 2221 928 2251 V.
959 2219 1181 2258 Hierusalem,
1207 2220 1319 2252 civitas
1340 2221 1415 2260 Dei,
1440 2229 1520 2259 glau-

964 2268 1056 2311 deas,
1092 2267 1130 2298 in
1157 2267 1292 2299 saecula
1316 2268 1522 2299 saeculorum

963 2315 1032 2347 luce
1083 2314 1258 2355 splendida
1307 2314 1445 2355 fulyebis
1494 2317 1522 2346 et

963 2372 1073 2395 omnes
1100 2361 1182 2401 fines
1207 2363 1314 2393 terrae
1339 2361 1523 2395 adorabunt

965 2419 1047 2444 ewm.
