1652 2615
267 1606 285 1637 CVK

780 134 1036 170 ——117—

333 229 519 261 Humilitate
543 231 698 274 praedita,

378 276 461 308 Dum
486 276 573 309 Deus
597 278 629 308 in
655 280 687 309 te
712 278 881 320 clauditur,

332 323 486 355 Montana
509 323 597 356 velut
620 325 749 357 subdita

378 370 475 411 Petis,
503 373 533 401 et
557 372 663 403 lumen
687 372 804 411 oritur3

1009 231 1093 263 Hinc
1119 240 1197 262 cana
1220 230 1334 270 pandit
1357 230 1477 269 abdita,

1057 279 1100 310 Et
1123 277 1226 310 infans
1253 277 1376 309 clausus
1401 277 1540 317 loquitur

1010 325 1139 357 Secreta
1163 325 1242 356 caeli
1269 324 1406 367 condita,

1056 373 1219 412 Verusque
1243 371 1291 403 sol
1317 371 1483 411 detegitur.

334 435 418 462 Brev.
451 435 607 464 Arosiense
641 438 708 472 irnp-
736 436 871 464 Basileae
902 435 984 465 1513.
1011 451 1049 455 —
1076 437 1118 464 In
1149 435 1173 464 1.
1202 437 1253 464 No
1264 437 1304 462 ct.
1337 433 1356 460 R
1386 434 1418 470 2,
1454 433 1471 463 3
1505 444 1558 471 pro

258 471 378 508 Joseph.
404 487 442 491 —
467 473 510 500 In
536 471 563 500 2,
588 474 690 502 Noet.
718 472 740 500 R
770 472 800 507 11
829 473 846 502 8
870 477 985 510 patrum
1010 483 1119 501 senum.
1146 490 1182 494 —
1208 474 1248 501 In
1269 471 1295 501 3,
1315 473 1416 500 Noet.
1437 471 1459 500 R
1485 471 1517 506 3,
1544 471 1561 499 9

258 511 282 536 O
302 510 383 537 fehlt.
400 526 437 529 —
456 510 498 537 In
518 508 544 537 2.
558 512 661 547 Vesp.
684 511 714 543 Α,
735 510 755 538 4
774 512 854 539 Deus
871 513 952 539 fehlt.
966 526 1002 531 —
1024 512 1119 539 Hiezu
1132 512 1179 539 die
1191 512 1341 546 Hymnen:
1362 512 1396 538 In
1418 509 1443 538 1.
1456 511 1559 546 Vesp.:

260 547 335 575 Dum
355 550 470 583 patrum
492 550 668 585 exspectatio
688 547 865 585 (Klemming
885 550 927 581 Is..
952 548 1029 584 164);
1062 549 1098 576 ad
1117 550 1219 577 Noch:
1250 548 1309 576 Sub
1329 549 1423 576 medio
1444 549 1560 576 silentio

257 584 341 616 (ibid.
365 583 443 620 166);
466 585 503 612 ad
522 586 652 614 Laudes:
672 587 787 614 Aurora
806 586 920 623 fulgens
940 587 1037 614 radiat
1054 585 1138 618 (Ibid.
1161 584 1234 621 173).

694 667 739 698 37.
771 668 815 698 De
835 668 1025 699 visitatione
1044 668 1132 699 Bmv.

396 727 443 759 In
472 728 500 758 1.
532 727 639 766 Vesp
650 728 747 759 eris.

471 787 665 823 Antiphonae.

294 862 301 868 .
328 835 460 866 Aeterni
489 836 590 874 patris
614 835 698 867 filius

374 882 510 913 Mariam
535 883 715 922 concupivit

328 930 378 961 De
406 931 587 960 sanctorum
611 929 832 969 splendoribus

376 976 413 1008 In
438 978 570 1008 matrem
595 976 748 1008 introivit.

295 1054 302 1060 .
328 1027 446 1059 Lilium
472 1028 661 1059 convallium

374 1075 529 1115 Fraglans
554 1075 586 1106 in
612 1074 741 1105 odorem

328 1122 394 1153 Iter
419 1123 511 1152 ornat
535 1121 686 1153 montium

375 1167 495 1199 Ferens
522 1168 600 1199 caeli
624 1166 742 1198 florem.

327 1219 498 1252 Paradisus
521 1219 671 1251 caelicum

375 1267 526 1299 Fructum
553 1265 715 1304 afferebat,

328 1313 488 1345 Gravidae
512 1313 565 1351 qui
588 1321 720 1352 puerum

375 1360 498 1392 Gaudio
522 1359 678 1399 replebat.

325 1412 503 1444 Lucernam
527 1412 596 1443 veri
619 1412 746 1443 luminis

372 1459 526 1490 Dominus
552 1459 708 1499 accendit,

325 1507 391 1546 Quo
400 1506 561 1545 dragmam
568 1508 707 1537 nostram
718 1504 876 1545 perc¹÷tam

372 1553 506 1585 Salvans
530 1552 751 1592 apprehendit.

291 1631 298 1637 .
326 1603 486 1642 Consorta,
514 1608 624 1644 mater,
651 1603 733 1635 filios

372 1652 472 1684 Simul
498 1653 530 1682 ct
553 1660 699 1683 veracem

325 1699 436 1731 Totius
461 1698 661 1730 Hierusalem

372 1747 496 1778 Ponens
521 1744 599 1777 fines
624 1753 745 1785 pacem.

441 1800 487 1828 Ad
507 1800 686 1837 Magnificat.

324 1844 479 1877 Psalterio
507 1844 704 1876 decachordo

371 1892 483 1924 Psallit
507 1891 595 1932 virgo
620 1892 717 1931 regia,

322 1940 492 1972 Dominum
516 1937 756 1979 magnificando,

369 1987 428 2027 Qui
453 1985 530 2019 fecit
553 1986 731 2026 magnalia3

323 2036 449 2068 Pellens
474 2037 619 2074 potentes
646 2034 686 2065 de
710 2033 786 2065 sede

369 2082 489 2115 Divina
508 2081 634 2120 justitia

322 2130 436 2162 Servos
461 2129 595 2161 humiles
621 2128 764 2162 exaltans

368 2177 419 2209 Ex
443 2176 674 2208 misericordia.

387 2243 446 2275 Ad
472 2243 627 2276 Matuti
639 2250 739 2275 num.

457 2299 671 2327 Invitatorium.

323 2348 475 2387 Reginam
501 2348 582 2381 caeli
606 2347 726 2387 gloriae

369 2395 491 2427 Devote
516 2395 740 2436 collaudemus,

1010 728 1148 759 Matrem
1172 726 1419 767 misericordiae,

1058 774 1179 816 Venite,
1206 774 1382 807 adoremus.

1076 897 1175 929 [111.
1201 895 1428 927 Nocturno.

1153 978 1346 1014 Antiphonae.

952 1047 981 1078 1.
1008 1047 1103 1078 Pater
1133 1047 1243 1077 matris
1266 1044 1332 1076 filio

1056 1092 1185 1132 Singula
1209 1092 1352 1130 subjecit,

1007 1139 1057 1170 Ex
1082 1138 1212 1170 infantis
1237 1138 1351 1178 gaudio

1052 1185 1194 1217 Laudem
1222 1193 1302 1224 quae
1325 1183 1470 1223 perfecit.

973 1266 979 1273 .
1004 1241 1058 1273 Sol
1081 1244 1115 1273 in
1139 1241 1344 1272 tabernaculo

1051 1288 1143 1320 Solus
1165 1287 1335 1326 illucescit,

1004 1335 1087 1367 Dum
1112 1344 1245 1375 sponsus
1270 1335 1303 1365 in
1326 1334 1465 1366 thalamo

1052 1382 1193 1421 Sponsae
1217 1381 1397 1420 requiescit.

973 1464 980 1471 .
1005 1439 1095 1470 Haec
1120 1442 1168 1470 est
1192 1441 1279 1469 terra
1303 1437 1441 1477 Domini,

1054 1486 1152 1524 Quam
1177 1486 1247 1524 ipse
1267 1483 1416 1517 fundavit

1007 1532 1217 1572 Germineque
1241 1530 1301 1563 filii

1052 1580 1107 1612 Sui
1131 1579 1322 1612 fecundavit.

1144 1663 1221 1698 Resp
1225 1670 1274 1689 ons
1280 1665 1349 1688 oria.

972 1746 979 1753 .
1005 1719 1170 1751 Elisabeth
1196 1721 1232 1750 ut
1256 1718 1370 1758 virgini

1052 1766 1203 1798 Senectus
1229 1768 1460 1805 praesentatur,

1005 1814 1098 1846 Hanc
1121 1822 1198 1845 voce
1221 1811 1397 1845 venerabili

1050 1860 1182 1899 Salutat,
1210 1860 1418 1899 amplexatur,

1003 1909 1128 1941 Intacta
1152 1910 1253 1939 mater
1276 1906 1378 1938 sterili

1051 1955 1151 1988 Matri
1175 1954 1420 1995 congratulatur.

965 2029 972 2036 .
1004 2004 1041 2035 In
1067 2004 1167 2035 sacris
1193 2002 1339 2034 claustris
1363 2002 1521 2033 viscerum

1005 2051 1196 2083 Praecursor
1226 2057 1305 2089 puer
1329 2057 1461 2088 puerum

1049 2097 1201 2130 Messiam
1227 2098 1431 2136 protestatur.

969 2184 976 2190 .
1001 2155 1150 2187 Exsultat
1175 2153 1281 2186 infans
1306 2154 1429 2193 gaud³is

1050 2202 1088 2235 In
1112 2202 1229 2242 spiritu
1252 2201 1355 2238 Eliae,

1002 2250 1097 2289 Cujus
1121 2253 1224 2282 mater
1247 2247 1403 2279 mirabilis

1051 2298 1107 2329 Fit
1133 2305 1259 2336 compos
1284 2294 1482 2334 prophetiae,

1005 2344 1093 2377 Caeli
1115 2346 1223 2375 manat
1249 2341 1371 2374 deliciis

1048 2392 1201 2424 Introitus
1224 2389 1358 2421 Mariae.
