<?xml version="1.0" encoding="UTF-8"?>
<!DOCTYPE html PUBLIC "-//W3C//DTD XHTML 1.0 Transitional//EN"
    "http://www.w3.org/TR/xhtml1/DTD/xhtml1-transitional.dtd">
<html xmlns="http://www.w3.org/1999/xhtml" xml:lang="en" lang="en">
 <head>
  <title>
</title>
<meta http-equiv="Content-Type" content="text/html;charset=utf-8" />
  <meta name='ocr-system' content='tesseract 3.04.00' />
  <meta name='ocr-capabilities' content='ocr_page ocr_carea ocr_par ocr_line ocrx_word'/>
</head>
<body>
  <div class='ocr_page' id='page_1' title='image "./analectahymnica24drevuoft_00204.png"; bbox 0 0 1652 2615; ppageno 0'>
   <div class='ocr_carea' id='block_1_1' title="bbox 703 149 959 184">
    <p class='ocr_par' dir='ltr' id='par_1_1' title="bbox 703 149 959 184">
     <span class='ocr_line' id='line_1_1' title="bbox 703 149 959 184; baseline -0.004 0"><span class='ocrx_word' id='word_1_1' title='bbox 703 149 959 184; x_wconf 78' lang='lat'>——201—</span> 
     </span>
    </p>
   </div>
   <div class='ocr_carea' id='block_1_2' title="bbox 310 242 675 278">
    <p class='ocr_par' dir='ltr' id='par_1_2' title="bbox 310 242 675 278">
     <span class='ocr_line' id='line_1_2' title="bbox 310 242 675 278; baseline 0.008 -4"><span class='ocrx_word' id='word_1_2' title='bbox 310 242 357 274; x_wconf 89' lang='lat' dir='ltr'>In</span> <span class='ocrx_word' id='word_1_3' title='bbox 385 243 416 275; x_wconf 85' lang='lat'>3.</span> <span class='ocrx_word' id='word_1_4' title='bbox 442 242 675 278; x_wconf 79' lang='lat' dir='ltr'>Nocturno.</span> 
     </span>
    </p>
   </div>
   <div class='ocr_carea' id='block_1_3' title="bbox 412 333 608 369">
    <p class='ocr_par' dir='ltr' id='par_1_3' title="bbox 412 333 608 369">
     <span class='ocr_line' id='line_1_3' title="bbox 412 333 608 369; baseline 0.005 -9"><span class='ocrx_word' id='word_1_5' title='bbox 412 333 608 369; x_wconf 85' lang='lat' dir='ltr'>Antiphonae.</span> 
     </span>
    </p>
   </div>
   <div class='ocr_carea' id='block_1_4' title="bbox 195 389 734 573">
    <p class='ocr_par' dir='ltr' id='par_1_4' title="bbox 195 389 734 573">
     <span class='ocr_line' id='line_1_4' title="bbox 195 389 734 436; baseline 0.009 -15"><span class='ocrx_word' id='word_1_6' title='bbox 195 389 225 422; x_wconf 81' lang='lat'>1.</span> <span class='ocrx_word' id='word_1_7' title='bbox 253 389 427 422; x_wconf 84' lang='lat' dir='ltr'>Laetentur</span> <span class='ocrx_word' id='word_1_8' title='bbox 448 392 483 423; x_wconf 89' lang='lat' dir='ltr'>in</span> <span class='ocrx_word' id='word_1_9' title='bbox 503 394 536 423; x_wconf 85' lang='lat' dir='ltr'>te</span> <span class='ocrx_word' id='word_1_10' title='bbox 560 397 734 436; x_wconf 75' lang='lat' dir='ltr'>sperantes,</span> 
     </span>
     <span class='ocr_line' id='line_1_5' title="bbox 302 436 672 480; baseline 0.008 -12"><span class='ocrx_word' id='word_1_11' title='bbox 302 436 437 480; x_wconf 85' lang='lat' dir='ltr'>Christe,</span> <span class='ocrx_word' id='word_1_12' title='bbox 466 442 497 470; x_wconf 87' lang='lat' dir='ltr'>et</span> <span class='ocrx_word' id='word_1_13' title='bbox 520 441 672 472; x_wconf 84' lang='lat' dir='ltr'>memoria</span> 
     </span>
     <span class='ocr_line' id='line_1_6' title="bbox 254 483 635 524; baseline 0.005 -8"><span class='ocrx_word' id='word_1_14' title='bbox 254 483 423 524; x_wconf 83' lang='lat' dir='ltr'>Caloyrum</span> <span class='ocrx_word' id='word_1_15' title='bbox 449 489 635 518; x_wconf 85' lang='lat' dir='ltr'>venerantes</span> 
     </span>
     <span class='ocr_line' id='line_1_7' title="bbox 300 530 700 573; baseline 0.01 -12"><span class='ocrx_word' id='word_1_16' title='bbox 300 530 368 562; x_wconf 85' lang='lat' dir='ltr'>Fac</span> <span class='ocrx_word' id='word_1_17' title='bbox 391 532 565 571; x_wconf 78' lang='lat' dir='ltr'>participes</span> <span class='ocrx_word' id='word_1_18' title='bbox 589 533 700 573; x_wconf 80' lang='lat' dir='ltr'>gloria.</span> 
     </span>
    </p>
   </div>
   <div class='ocr_carea' id='block_1_5' title="bbox 198 594 694 630">
    <p class='ocr_par' dir='ltr' id='par_1_5' title="bbox 198 594 694 630">
     <span class='ocr_line' id='line_1_8' title="bbox 198 594 694 630; baseline 0.008 -4"><span class='ocrx_word' id='word_1_19' title='bbox 198 596 230 627; x_wconf 85' lang='lat'>2.</span> <span class='ocrx_word' id='word_1_20' title='bbox 257 594 380 628; x_wconf 82' lang='lat' dir='ltr'><strong>Nomen</strong></span> <span class='ocrx_word' id='word_1_21' title='bbox 405 597 524 629; x_wconf 84' lang='lat' dir='ltr'>Christi</span> <span class='ocrx_word' id='word_1_22' title='bbox 548 599 694 630; x_wconf 85' lang='lat' dir='ltr'>mirabile</span> 
     </span>
    </p>
   </div>
   <div class='ocr_carea' id='block_1_6' title="bbox 252 642 673 723">
    <p class='ocr_par' dir='ltr' id='par_1_6' title="bbox 252 642 673 723">
     <span class='ocr_line' id='line_1_9' title="bbox 302 642 673 683; baseline 0.008 -10"><span class='ocrx_word' id='word_1_23' title='bbox 302 642 391 674; x_wconf 87' lang='lat' dir='ltr'>Senis</span> <span class='ocrx_word' id='word_1_24' title='bbox 417 645 592 683; x_wconf 83' lang='lat' dir='ltr'>procedens</span> <span class='ocrx_word' id='word_1_25' title='bbox 618 654 673 676; x_wconf 89' lang='lat' dir='ltr'>ore</span> 
     </span>
     <span class='ocr_line' id='line_1_10' title="bbox 252 689 654 723; baseline 0.01 -4"><span class='ocrx_word' id='word_1_26' title='bbox 252 689 454 721; x_wconf 88' lang='lat' dir='ltr'>Destruendo</span> <span class='ocrx_word' id='word_1_27' title='bbox 479 692 654 723; x_wconf 84' lang='lat' dir='ltr'>terribilem</span> 
     </span>
    </p>
   </div>
   <div class='ocr_carea' id='block_1_7' title="bbox 300 736 699 772">
    <p class='ocr_par' dir='ltr' id='par_1_7' title="bbox 300 736 699 772">
     <span class='ocr_line' id='line_1_11' title="bbox 300 736 699 772; baseline 0.01 -5"><span class='ocrx_word' id='word_1_28' title='bbox 300 736 466 767; x_wconf 76' lang='lat' dir='ltr'>Inimicum</span> <span class='ocrx_word' id='word_1_29' title='bbox 493 745 559 769; x_wconf 91' lang='lat' dir='ltr'>cum</span> <span class='ocrx_word' id='word_1_30' title='bbox 587 738 699 772; x_wconf 88' lang='lat' dir='ltr'>ultore.</span> 
     </span>
    </p>
   </div>
   <div class='ocr_carea' id='block_1_8' title="bbox 194 801 727 979">
    <p class='ocr_par' dir='ltr' id='par_1_8' title="bbox 194 801 727 979">
     <span class='ocr_line' id='line_1_12' title="bbox 194 801 659 840; baseline 0.011 -9"><span class='ocrx_word' id='word_1_31' title='bbox 194 801 224 832; x_wconf 85' lang='lat'>3.</span> <span class='ocrx_word' id='word_1_32' title='bbox 253 801 417 840; x_wconf 83' lang='lat' dir='ltr'>Ingressus</span> <span class='ocrx_word' id='word_1_33' title='bbox 442 804 511 835; x_wconf 90' lang='lat' dir='ltr'>sine</span> <span class='ocrx_word' id='word_1_34' title='bbox 535 805 659 836; x_wconf 88' lang='lat' dir='ltr'>macula</span> 
     </span>
     <span class='ocr_line' id='line_1_13' title="bbox 302 848 711 892; baseline 0.012 -13"><span class='ocrx_word' id='word_1_35' title='bbox 302 848 340 879; x_wconf 88' lang='lat' dir='ltr'>In</span> <span class='ocrx_word' id='word_1_36' title='bbox 365 849 425 880; x_wconf 88' lang='lat' dir='ltr'>hoc</span> <span class='ocrx_word' id='word_1_37' title='bbox 452 851 553 882; x_wconf 89' lang='lat' dir='ltr'>viator</span> <span class='ocrx_word' id='word_1_38' title='bbox 577 853 711 892; x_wconf 85' lang='lat' dir='ltr'>saeculo,</span> 
     </span>
     <span class='ocr_line' id='line_1_14' title="bbox 255 894 717 936; baseline 0.011 -11"><span class='ocrx_word' id='word_1_39' title='bbox 255 894 348 926; x_wconf 86' lang='lat' dir='ltr'>Nunc</span> <span class='ocrx_word' id='word_1_40' title='bbox 372 895 473 936; x_wconf 77' lang='lat' dir='ltr'>fulget</span> <span class='ocrx_word' id='word_1_41' title='bbox 497 899 587 936; x_wconf 82' lang='lat' dir='ltr'>quasi</span> <span class='ocrx_word' id='word_1_42' title='bbox 611 897 717 931; x_wconf 86' lang='lat' dir='ltr'>facula</span> 
     </span>
     <span class='ocr_line' id='line_1_15' title="bbox 301 941 727 979; baseline 0.012 -6"><span class='ocrx_word' id='word_1_43' title='bbox 301 941 340 973; x_wconf 85' lang='lat' dir='ltr'>In</span> <span class='ocrx_word' id='word_1_44' title='bbox 364 952 486 975; x_wconf 87' lang='lat' dir='ltr'>summo</span> <span class='ocrx_word' id='word_1_45' title='bbox 510 945 727 979; x_wconf 85' lang='lat' dir='ltr'>tabernaculo.</span> 
     </span>
    </p>
   </div>
   <div class='ocr_carea' id='block_1_9' title="bbox 391 1035 599 1071">
    <p class='ocr_par' dir='ltr' id='par_1_9' title="bbox 391 1035 599 1071">
     <span class='ocr_line' id='line_1_16' title="bbox 391 1035 599 1071; baseline 0.014 -9"><span class='ocrx_word' id='word_1_46' title='bbox 391 1035 599 1071; x_wconf 62' lang='lat' dir='ltr'>Responsoria.</span> 
     </span>
    </p>
   </div>
   <div class='ocr_carea' id='block_1_10' title="bbox 183 1091 696 1507">
    <p class='ocr_par' dir='ltr' id='par_1_10' title="bbox 183 1091 696 1507">
     <span class='ocr_line' id='line_1_17' title="bbox 198 1091 696 1134; baseline 0.01 -12"><span class='ocrx_word' id='word_1_47' title='bbox 198 1092 228 1125; x_wconf 88' lang='lat'>1.</span> <span class='ocrx_word' id='word_1_48' title='bbox 258 1091 367 1123; x_wconf 82' lang='lat' dir='ltr'>Crucis</span> <span class='ocrx_word' id='word_1_49' title='bbox 393 1093 511 1125; x_wconf 85' lang='lat' dir='ltr'>Christi</span> <span class='ocrx_word' id='word_1_50' title='bbox 536 1095 696 1134; x_wconf 83' lang='lat' dir='ltr'>signaculo</span> 
     </span>
     <span class='ocr_line' id='line_1_18' title="bbox 302 1138 683 1180; baseline 0.01 -10"><span class='ocrx_word' id='word_1_51' title='bbox 302 1138 481 1171; x_wconf 86' lang='lat' dir='ltr'>Daemones</span> <span class='ocrx_word' id='word_1_52' title='bbox 507 1143 683 1180; x_wconf 81' lang='lat' dir='ltr'>conjuravit</span> 
     </span>
     <span class='ocr_line' id='line_1_19' title="bbox 256 1185 571 1219; baseline 0.01 -3"><span class='ocrx_word' id='word_1_53' title='bbox 256 1185 444 1219; x_wconf 85' lang='lat' dir='ltr'>Solitudinis</span> <span class='ocrx_word' id='word_1_54' title='bbox 468 1188 571 1219; x_wconf 90' lang='lat' dir='ltr'>loculo</span> 
     </span>
     <span class='ocr_line' id='line_1_20' title="bbox 301 1233 651 1275; baseline 0.006 -11"><span class='ocrx_word' id='word_1_55' title='bbox 301 1233 351 1264; x_wconf 92' lang='lat' dir='ltr'>Ac</span> <span class='ocrx_word' id='word_1_56' title='bbox 374 1234 462 1274; x_wconf 84' lang='lat' dir='ltr'>ipsos</span> <span class='ocrx_word' id='word_1_57' title='bbox 487 1235 651 1275; x_wconf 87' lang='lat' dir='ltr'>relegavit,</span> 
     </span>
     <span class='ocr_line' id='line_1_21' title="bbox 255 1279 583 1320; baseline 0.006 -9"><span class='ocrx_word' id='word_1_58' title='bbox 255 1279 306 1311; x_wconf 81' lang='lat' dir='ltr'>Ab</span> <span class='ocrx_word' id='word_1_59' title='bbox 333 1281 417 1312; x_wconf 89' lang='lat' dir='ltr'>omni</span> <span class='ocrx_word' id='word_1_60' title='bbox 441 1282 583 1320; x_wconf 88' lang='lat' dir='ltr'>periculo</span> 
     </span>
     <span class='ocr_line' id='line_1_22' title="bbox 302 1327 644 1370; baseline 0.003 -12"><span class='ocrx_word' id='word_1_61' title='bbox 302 1327 457 1366; x_wconf 87' lang='lat' dir='ltr'>Populum</span> <span class='ocrx_word' id='word_1_62' title='bbox 485 1328 644 1370; x_wconf 88' lang='lat' dir='ltr'>liberavit,</span> 
     </span>
     <span class='ocr_line' id='line_1_23' title="bbox 183 1372 637 1408; baseline 0.007 -4"><span class='ocrx_word' id='word_1_63' title='bbox 183 1372 222 1405; x_wconf 82' lang='lat' dir='ltr'>V.</span> <span class='ocrx_word' id='word_1_64' title='bbox 252 1375 292 1406; x_wconf 82' lang='lat' dir='ltr'>ln</span> <span class='ocrx_word' id='word_1_65' title='bbox 323 1377 431 1406; x_wconf 82' lang='lat' dir='ltr'>sancto</span> <span class='ocrx_word' id='word_1_66' title='bbox 457 1375 637 1408; x_wconf 83' lang='lat' dir='ltr'>habitaculo</span> 
     </span>
     <span class='ocr_line' id='line_1_24' title="bbox 256 1421 598 1460; baseline 0.009 -9"><span class='ocrx_word' id='word_1_67' title='bbox 256 1421 446 1460; x_wconf 86' lang='lat' dir='ltr'>Dominique</span> <span class='ocrx_word' id='word_1_68' title='bbox 471 1424 598 1455; x_wconf 87' lang='lat' dir='ltr'>oraculo</span> 
     </span>
     <span class='ocr_line' id='line_1_25' title="bbox 302 1468 644 1507; baseline 0.006 -8"><span class='ocrx_word' id='word_1_69' title='bbox 302 1468 411 1507; x_wconf 89' lang='lat' dir='ltr'>Ipsum</span> <span class='ocrx_word' id='word_1_70' title='bbox 438 1469 644 1502; x_wconf 86' lang='lat' dir='ltr'>confirmavit.</span> 
     </span>
    </p>
   </div>
   <div class='ocr_carea' id='block_1_11' title="bbox 188 1533 764 1951">
    <p class='ocr_par' dir='ltr' id='par_1_11' title="bbox 188 1533 764 1951">
     <span class='ocr_line' id='line_1_26' title="bbox 200 1533 678 1567; baseline 0.004 -2"><span class='ocrx_word' id='word_1_71' title='bbox 200 1535 230 1566; x_wconf 85' lang='lat'>2.</span> <span class='ocrx_word' id='word_1_72' title='bbox 256 1533 377 1566; x_wconf 91' lang='lat' dir='ltr'>Locum</span> <span class='ocrx_word' id='word_1_73' title='bbox 400 1534 496 1567; x_wconf 85' lang='lat' dir='ltr'>istum</span> <span class='ocrx_word' id='word_1_74' title='bbox 520 1536 678 1567; x_wconf 85' lang='lat' dir='ltr'>ululantes</span> 
     </span>
     <span class='ocr_line' id='line_1_27' title="bbox 304 1581 706 1626; baseline 0.002 -13"><span class='ocrx_word' id='word_1_75' title='bbox 304 1581 484 1614; x_wconf 86' lang='lat' dir='ltr'>Daemones</span> <span class='ocrx_word' id='word_1_76' title='bbox 510 1582 706 1626; x_wconf 87' lang='lat' dir='ltr'>dimiserunt,</span> 
     </span>
     <span class='ocr_line' id='line_1_28' title="bbox 258 1629 756 1669; baseline 0.002 -9"><span class='ocrx_word' id='word_1_77' title='bbox 258 1629 373 1660; x_wconf 81' lang='lat' dir='ltr'>Vocem</span> <span class='ocrx_word' id='word_1_78' title='bbox 400 1637 546 1669; x_wconf 89' lang='lat' dir='ltr'>magnam</span> <span class='ocrx_word' id='word_1_79' title='bbox 570 1631 620 1661; x_wconf 90' lang='lat' dir='ltr'>illi</span> <span class='ocrx_word' id='word_1_80' title='bbox 646 1630 756 1661; x_wconf 84' lang='lat' dir='ltr'>dantes</span> 
     </span>
     <span class='ocr_line' id='line_1_29' title="bbox 305 1676 698 1717; baseline 0.005 -11"><span class='ocrx_word' id='word_1_81' title='bbox 305 1676 336 1706; x_wconf 91' lang='lat' dir='ltr'>A</span> <span class='ocrx_word' id='word_1_82' title='bbox 359 1678 466 1707; x_wconf 86' lang='lat' dir='ltr'>monte</span> <span class='ocrx_word' id='word_1_83' title='bbox 490 1680 698 1717; x_wconf 88' lang='lat' dir='ltr'>recesserunt,</span> 
     </span>
     <span class='ocr_line' id='line_1_30' title="bbox 258 1723 653 1762; baseline 0 -8"><span class='ocrx_word' id='word_1_84' title='bbox 258 1723 435 1762; x_wconf 85' lang='lat' dir='ltr'>Populique</span> <span class='ocrx_word' id='word_1_85' title='bbox 458 1724 653 1762; x_wconf 77' lang='lat' dir='ltr'>gratulantes</span> 
     </span>
     <span class='ocr_line' id='line_1_31' title="bbox 306 1768 718 1810; baseline 0.005 -10"><span class='ocrx_word' id='word_1_86' title='bbox 306 1768 475 1801; x_wconf 88' lang='lat' dir='ltr'>Dominum</span> <span class='ocrx_word' id='word_1_87' title='bbox 499 1771 718 1810; x_wconf 88' lang='lat' dir='ltr'>laudaverunt,</span> 
     </span>
     <span class='ocr_line' id='line_1_32' title="bbox 188 1815 764 1858; baseline 0.002 -11"><span class='ocrx_word' id='word_1_88' title='bbox 188 1815 231 1848; x_wconf 90' lang='lat' dir='ltr'>V.</span> <span class='ocrx_word' id='word_1_89' title='bbox 262 1816 316 1847; x_wconf 88' lang='lat' dir='ltr'>Ad</span> <span class='ocrx_word' id='word_1_90' title='bbox 343 1825 437 1856; x_wconf 88' lang='lat' dir='ltr'>quem</span> <span class='ocrx_word' id='word_1_91' title='bbox 459 1817 523 1858; x_wconf 85' lang='lat' dir='ltr'>ipsi</span> <span class='ocrx_word' id='word_1_92' title='bbox 545 1820 764 1851; x_wconf 81' lang='lat' dir='ltr'>convertentes</span> 
     </span>
     <span class='ocr_line' id='line_1_33' title="bbox 259 1863 674 1897; baseline 0.005 -3"><span class='ocrx_word' id='word_1_93' title='bbox 259 1863 430 1896; x_wconf 86' lang='lat' dir='ltr'>Basilicam</span> <span class='ocrx_word' id='word_1_94' title='bbox 458 1867 674 1897; x_wconf 86' lang='lat' dir='ltr'>construentes</span> 
     </span>
     <span class='ocr_line' id='line_1_34' title="bbox 305 1910 668 1951; baseline 0.008 -9"><span class='ocrx_word' id='word_1_95' title='bbox 305 1910 417 1951; x_wconf 86' lang='lat' dir='ltr'>Ibique</span> <span class='ocrx_word' id='word_1_96' title='bbox 442 1912 668 1947; x_wconf 86' lang='lat' dir='ltr'>adoraverunt.</span> 
     </span>
    </p>
   </div>
   <div class='ocr_carea' id='block_1_12' title="bbox 191 1977 763 2446">
    <p class='ocr_par' dir='ltr' id='par_1_12' title="bbox 191 1977 763 2446">
     <span class='ocr_line' id='line_1_35' title="bbox 203 1977 717 2019; baseline 0 -9"><span class='ocrx_word' id='word_1_97' title='bbox 203 1978 234 2010; x_wconf 88' lang='lat'>3.</span> <span class='ocrx_word' id='word_1_98' title='bbox 261 1977 354 2010; x_wconf 84' lang='lat' dir='ltr'>Felix</span> <span class='ocrx_word' id='word_1_99' title='bbox 377 1986 467 2009; x_wconf 88' lang='lat' dir='ltr'>mons</span> <span class='ocrx_word' id='word_1_100' title='bbox 493 1980 587 2018; x_wconf 83' lang='lat' dir='ltr'>atque</span> <span class='ocrx_word' id='word_1_101' title='bbox 610 1979 717 2019; x_wconf 84' lang='lat' dir='ltr'>patria</span> 
     </span>
     <span class='ocr_line' id='line_1_36' title="bbox 303 2024 648 2069; baseline 0.006 -13"><span class='ocrx_word' id='word_1_102' title='bbox 303 2024 375 2057; x_wconf 91' lang='lat' dir='ltr'>Hoc</span> <span class='ocrx_word' id='word_1_103' title='bbox 398 2028 510 2058; x_wconf 88' lang='lat' dir='ltr'>ornata</span> <span class='ocrx_word' id='word_1_104' title='bbox 534 2026 648 2069; x_wconf 85' lang='lat' dir='ltr'>sidere,</span> 
     </span>
     <span class='ocr_line' id='line_1_37' title="bbox 261 2072 664 2115; baseline 0.002 -11"><span class='ocrx_word' id='word_1_105' title='bbox 261 2072 357 2111; x_wconf 88' lang='lat' dir='ltr'>Cujus</span> <span class='ocrx_word' id='word_1_106' title='bbox 379 2074 428 2104; x_wconf 90' lang='lat' dir='ltr'>tot</span> <span class='ocrx_word' id='word_1_107' title='bbox 451 2073 490 2105; x_wconf 91' lang='lat' dir='ltr'>ob</span> <span class='ocrx_word' id='word_1_108' title='bbox 515 2074 664 2115; x_wconf 85' lang='lat' dir='ltr'>prodigia</span> 
     </span>
     <span class='ocr_line' id='line_1_38' title="bbox 303 2120 659 2160; baseline 0 -8"><span class='ocrx_word' id='word_1_109' title='bbox 303 2138 352 2142; x_wconf 92' lang='lat'><strong>—</strong></span> <span class='ocrx_word' id='word_1_110' title='bbox 375 2138 423 2143; x_wconf 90' lang='lat'>-—</span> <span class='ocrx_word' id='word_1_111' title='bbox 446 2120 659 2160; x_wconf 87' lang='lat' dir='ltr'>perlustratur</span> 
     </span>
     <span class='ocr_line' id='line_1_39' title="bbox 260 2167 601 2202; baseline 0.009 -3"><span class='ocrx_word' id='word_1_112' title='bbox 260 2167 374 2201; x_wconf 76' lang='lat' dir='ltr'>Grotta</span> <span class='ocrx_word' id='word_1_113' title='bbox 398 2169 466 2199; x_wconf 78' lang='lat' dir='ltr'>tot-a</span> <span class='ocrx_word' id='word_1_114' title='bbox 491 2168 601 2202; x_wconf 86' lang='lat' dir='ltr'>Sicilia</span> 
     </span>
     <span class='ocr_line' id='line_1_40' title="bbox 306 2214 763 2255; baseline 0.002 -9"><span class='ocrx_word' id='word_1_115' title='bbox 306 2214 409 2247; x_wconf 88' lang='lat' dir='ltr'>Senex</span> <span class='ocrx_word' id='word_1_116' title='bbox 439 2214 516 2249; x_wconf 85' lang='lat' dir='ltr'>fecit</span> <span class='ocrx_word' id='word_1_117' title='bbox 540 2216 763 2255; x_wconf 86' lang='lat' dir='ltr'>conscendere,</span> 
     </span>
     <span class='ocr_line' id='line_1_41' title="bbox 258 2260 662 2302; baseline 0.005 -10"><span class='ocrx_word' id='word_1_118' title='bbox 258 2260 398 2294; x_wconf 85' lang='lat' dir='ltr'>Infirmis</span> <span class='ocrx_word' id='word_1_119' title='bbox 422 2263 487 2294; x_wconf 88' lang='lat' dir='ltr'>sint</span> <span class='ocrx_word' id='word_1_120' title='bbox 509 2263 662 2302; x_wconf 81' lang='lat' dir='ltr'>remedia,</span> 
     </span>
     <span class='ocr_line' id='line_1_42' title="bbox 310 2308 725 2347; baseline 0.01 -7"><span class='ocrx_word' id='word_1_121' title='bbox 310 2308 369 2347; x_wconf 75' lang='lat' dir='ltr'>Qui</span> <span class='ocrx_word' id='word_1_122' title='bbox 393 2310 538 2343; x_wconf 83' lang='lat' dir='ltr'>sudando</span> <span class='ocrx_word' id='word_1_123' title='bbox 562 2313 725 2344; x_wconf 79' lang='lat' dir='ltr'>sanantur.</span> 
     </span>
     <span class='ocr_line' id='line_1_43' title="bbox 191 2355 649 2395; baseline 0.007 -8"><span class='ocrx_word' id='word_1_124' title='bbox 191 2356 228 2390; x_wconf 82' lang='lat' dir='ltr'>V.</span> <span class='ocrx_word' id='word_1_125' title='bbox 257 2355 395 2395; x_wconf 78' lang='lat' dir='ltr'>Fugavit</span> <span class='ocrx_word' id='word_1_126' title='bbox 418 2366 457 2389; x_wconf 87' lang='lat' dir='ltr'>ac</span> <span class='ocrx_word' id='word_1_127' title='bbox 482 2359 649 2390; x_wconf 85' lang='lat' dir='ltr'>daemonia</span> 
     </span>
     <span class='ocr_line' id='line_1_44' title="bbox 308 2403 715 2446; baseline 0.01 -12"><span class='ocrx_word' id='word_1_128' title='bbox 308 2403 393 2445; x_wconf 89' lang='lat' dir='ltr'>Ipsa,</span> <span class='ocrx_word' id='word_1_129' title='bbox 421 2406 509 2445; x_wconf 88' lang='lat' dir='ltr'>cujus</span> <span class='ocrx_word' id='word_1_130' title='bbox 533 2415 593 2446; x_wconf 89' lang='lat' dir='ltr'>per</span> <span class='ocrx_word' id='word_1_131' title='bbox 617 2413 715 2445; x_wconf 89' lang='lat' dir='ltr'>opera</span> 
     </span>
    </p>
   </div>
   <div class='ocr_carea' id='block_1_13' title="bbox 929 243 1390 322">
    <p class='ocr_par' dir='ltr' id='par_1_13' title="bbox 929 243 1390 322">
     <span class='ocr_line' id='line_1_45' title="bbox 929 243 1292 283; baseline -0.008 -6"><span class='ocrx_word' id='word_1_132' title='bbox 929 244 1038 277; x_wconf 87' lang='lat' dir='ltr'>Patria</span> <span class='ocrx_word' id='word_1_133' title='bbox 1061 244 1157 283; x_wconf 86' lang='lat' dir='ltr'>plena</span> <span class='ocrx_word' id='word_1_134' title='bbox 1180 243 1292 283; x_wconf 86' lang='lat' dir='ltr'>gratia,</span> 
     </span>
     <span class='ocr_line' id='line_1_46' title="bbox 975 287 1390 322; baseline 0 0"><span class='ocrx_word' id='word_1_135' title='bbox 975 291 1070 322; x_wconf 84' lang='lat' dir='ltr'>Mons</span> <span class='ocrx_word' id='word_1_136' title='bbox 1094 292 1142 322; x_wconf 88' lang='lat' dir='ltr'>sic</span> <span class='ocrx_word' id='word_1_137' title='bbox 1164 287 1390 322; x_wconf 79' lang='lat' dir='ltr'>sanctificatur.</span> 
     </span>
    </p>
   </div>
   <div class='ocr_carea' id='block_1_14' title="bbox 1019 383 1318 417">
    <p class='ocr_par' dir='ltr' id='par_1_14' title="bbox 1019 383 1318 417">
     <span class='ocr_line' id='line_1_47' title="bbox 1019 383 1318 417; baseline -0.003 -1"><span class='ocrx_word' id='word_1_138' title='bbox 1019 386 1065 417; x_wconf 82' lang='lat' dir='ltr'>In</span> <span class='ocrx_word' id='word_1_139' title='bbox 1090 383 1318 416; x_wconf 73' lang='lat' dir='ltr'>Laudibus</span> 
     </span>
    </p>
   </div>
   <div class='ocr_carea' id='block_1_15' title="bbox 1075 457 1267 493">
    <p class='ocr_par' dir='ltr' id='par_1_15' title="bbox 1075 457 1267 493">
     <span class='ocr_line' id='line_1_48' title="bbox 1075 457 1267 493; baseline 0 -9"><span class='ocrx_word' id='word_1_140' title='bbox 1075 457 1267 493; x_wconf 83' lang='lat' dir='ltr'>Antiphonae.</span> 
     </span>
    </p>
   </div>
   <div class='ocr_carea' id='block_1_16' title="bbox 903 504 1272 545">
    <p class='ocr_par' dir='ltr' id='par_1_16' title="bbox 903 504 1272 545">
     <span class='ocr_line' id='line_1_49' title="bbox 903 504 1272 545; baseline -0.008 -6"><span class='ocrx_word' id='word_1_141' title='bbox 903 532 909 539; x_wconf 94' lang='lat'>.</span> <span class='ocrx_word' id='word_1_142' title='bbox 936 504 1088 545; x_wconf 86' lang='lat' dir='ltr'>Caloyrus</span> <span class='ocrx_word' id='word_1_143' title='bbox 1110 504 1205 536; x_wconf 88' lang='lat' dir='ltr'>mirifi</span> <span class='ocrx_word' id='word_1_144' title='bbox 1210 514 1272 545; x_wconf 76' lang='lat' dir='ltr'>cus,</span> 
     </span>
    </p>
   </div>
   <div class='ocr_carea' id='block_1_17' title="bbox 931 551 1479 778">
    <p class='ocr_par' dir='ltr' id='par_1_17' title="bbox 931 551 1310 592">
     <span class='ocr_line' id='line_1_50' title="bbox 931 551 1310 592; baseline 0 -9"><span class='ocrx_word' id='word_1_145' title='bbox 931 552 1021 584; x_wconf 91' lang='lat' dir='ltr'>Dono</span> <span class='ocrx_word' id='word_1_146' title='bbox 1044 551 1105 583; x_wconf 93' lang='lat' dir='ltr'>Dei</span> <span class='ocrx_word' id='word_1_147' title='bbox 1129 551 1310 592; x_wconf 84' lang='lat' dir='ltr'>magnificus</span> 
     </span>
    </p>

    <p class='ocr_par' dir='ltr' id='par_1_18' title="bbox 932 599 1479 733">
     <span class='ocr_line' id='line_1_51' title="bbox 979 599 1377 639; baseline 0.003 -10"><span class='ocrx_word' id='word_1_148' title='bbox 979 599 1031 630; x_wconf 82' lang='lat' dir='ltr'>Ex</span> <span class='ocrx_word' id='word_1_149' title='bbox 1054 608 1150 638; x_wconf 88' lang='lat' dir='ltr'>opere</span> <span class='ocrx_word' id='word_1_150' title='bbox 1173 601 1377 639; x_wconf 85' lang='lat' dir='ltr'>monstratur,</span> 
     </span>
     <span class='ocr_line' id='line_1_52' title="bbox 932 645 1479 686; baseline -0.002 -9"><span class='ocrx_word' id='word_1_151' title='bbox 932 645 1014 677; x_wconf 87' lang='lat' dir='ltr'>Dum</span> <span class='ocrx_word' id='word_1_152' title='bbox 1042 648 1168 678; x_wconf 87' lang='lat' dir='ltr'>cunctos</span> <span class='ocrx_word' id='word_1_153' title='bbox 1193 648 1284 678; x_wconf 86' lang='lat' dir='ltr'>sanat</span> <span class='ocrx_word' id='word_1_154' title='bbox 1303 646 1479 686; x_wconf 84' lang='lat' dir='ltr'>languidos,</span> 
     </span>
     <span class='ocr_line' id='line_1_53' title="bbox 933 691 1342 733; baseline 0 -9"><span class='ocrx_word' id='word_1_155' title='bbox 933 691 1067 724; x_wconf 82' lang='lat' dir='ltr'>Faciens</span> <span class='ocrx_word' id='word_1_156' title='bbox 1093 692 1188 724; x_wconf 88' lang='lat' dir='ltr'>corde</span> <span class='ocrx_word' id='word_1_157' title='bbox 1212 693 1342 733; x_wconf 87' lang='lat' dir='ltr'>solidos,</span> 
     </span>
    </p>

    <p class='ocr_par' dir='ltr' id='par_1_19' title="bbox 981 737 1331 778">
     <span class='ocr_line' id='line_1_54' title="bbox 981 737 1331 778; baseline 0.003 -8"><span class='ocrx_word' id='word_1_158' title='bbox 981 739 1025 770; x_wconf 86' lang='lat' dir='ltr'>Et</span> <span class='ocrx_word' id='word_1_159' title='bbox 1048 737 1128 770; x_wconf 87' lang='lat' dir='ltr'>fides</span> <span class='ocrx_word' id='word_1_160' title='bbox 1152 740 1331 778; x_wconf 85' lang='lat' dir='ltr'>ampliatur.</span> 
     </span>
    </p>
   </div>
   <div class='ocr_carea' id='block_1_18' title="bbox 901 794 1480 836">
    <p class='ocr_par' dir='ltr' id='par_1_20' title="bbox 901 794 1480 836">
     <span class='ocr_line' id='line_1_55' title="bbox 901 794 1480 836; baseline -0.003 -9"><span class='ocrx_word' id='word_1_161' title='bbox 901 821 908 827; x_wconf 96' lang='lat'>.</span> <span class='ocrx_word' id='word_1_162' title='bbox 933 794 1010 827; x_wconf 77' lang='lat' dir='ltr'>Mox</span> <span class='ocrx_word' id='word_1_163' title='bbox 1034 795 1076 827; x_wconf 87' lang='lat' dir='ltr'>ad</span> <span class='ocrx_word' id='word_1_164' title='bbox 1100 797 1236 826; x_wconf 88' lang='lat' dir='ltr'>montem</span> <span class='ocrx_word' id='word_1_165' title='bbox 1260 798 1296 826; x_wconf 89' lang='lat' dir='ltr'>ut</span> <span class='ocrx_word' id='word_1_166' title='bbox 1316 795 1480 836; x_wconf 82' lang='lat' dir='ltr'>applicuit,</span> 
     </span>
    </p>
   </div>
   <div class='ocr_carea' id='block_1_19' title="bbox 934 842 1459 1068">
    <p class='ocr_par' dir='ltr' id='par_1_21' title="bbox 934 842 1459 1068">
     <span class='ocr_line' id='line_1_56' title="bbox 982 842 1411 881; baseline -0.007 -6"><span class='ocrx_word' id='word_1_167' title='bbox 982 842 1118 875; x_wconf 80' lang='lat' dir='ltr'>Caelesti</span> <span class='ocrx_word' id='word_1_168' title='bbox 1143 843 1223 874; x_wconf 90' lang='lat' dir='ltr'>dono</span> <span class='ocrx_word' id='word_1_169' title='bbox 1248 843 1411 881; x_wconf 84' lang='lat' dir='ltr'>praeditus</span> 
     </span>
     <span class='ocr_line' id='line_1_57' title="bbox 1028 888 1432 928; baseline 0 -9"><span class='ocrx_word' id='word_1_170' title='bbox 1028 888 1122 920; x_wconf 91' lang='lat' dir='ltr'>Velut</span> <span class='ocrx_word' id='word_1_171' title='bbox 1147 889 1194 920; x_wconf 93' lang='lat' dir='ltr'>sol</span> <span class='ocrx_word' id='word_1_172' title='bbox 1219 889 1432 928; x_wconf 85' lang='lat' dir='ltr'>perlustravit,</span> 
     </span>
     <span class='ocr_line' id='line_1_58' title="bbox 934 936 1439 976; baseline -0.006 -8"><span class='ocrx_word' id='word_1_173' title='bbox 934 936 984 968; x_wconf 86' lang='lat' dir='ltr'>De</span> <span class='ocrx_word' id='word_1_174' title='bbox 1008 936 1095 967; x_wconf 83' lang='lat' dir='ltr'>caelo</span> <span class='ocrx_word' id='word_1_175' title='bbox 1120 943 1201 975; x_wconf 83' lang='lat' dir='ltr'>quae</span> <span class='ocrx_word' id='word_1_176' title='bbox 1222 936 1287 974; x_wconf 82' lang='lat' dir='ltr'>jam</span> <span class='ocrx_word' id='word_1_177' title='bbox 1310 936 1439 976; x_wconf 87' lang='lat' dir='ltr'>corruit,</span> 
     </span>
     <span class='ocr_line' id='line_1_59' title="bbox 983 982 1459 1021; baseline -0.006 -6"><span class='ocrx_word' id='word_1_178' title='bbox 983 983 1148 1015; x_wconf 85' lang='lat' dir='ltr'>Catervam</span> <span class='ocrx_word' id='word_1_179' title='bbox 1174 982 1310 1014; x_wconf 85' lang='lat' dir='ltr'>Satanae</span> <span class='ocrx_word' id='word_1_180' title='bbox 1333 982 1459 1021; x_wconf 89' lang='lat' dir='ltr'>penitus</span> 
     </span>
     <span class='ocr_line' id='line_1_60' title="bbox 1028 1027 1408 1068; baseline 0.003 -8"><span class='ocrx_word' id='word_1_181' title='bbox 1028 1028 1123 1068; x_wconf 85' lang='lat' dir='ltr'>Signo</span> <span class='ocrx_word' id='word_1_182' title='bbox 1150 1030 1251 1060; x_wconf 89' lang='lat' dir='ltr'>crucis</span> <span class='ocrx_word' id='word_1_183' title='bbox 1276 1027 1408 1068; x_wconf 79' lang='lat' dir='ltr'>fugavit.</span> 
     </span>
    </p>
   </div>
   <div class='ocr_carea' id='block_1_20' title="bbox 902 1084 1361 1117">
    <p class='ocr_par' dir='ltr' id='par_1_22' title="bbox 902 1084 1361 1117">
     <span class='ocr_line' id='line_1_61' title="bbox 902 1084 1361 1117; baseline -0.004 0"><span class='ocrx_word' id='word_1_184' title='bbox 902 1110 909 1117; x_wconf 94' lang='lat'><strong>.</strong></span> <span class='ocrx_word' id='word_1_185' title='bbox 935 1084 982 1117; x_wconf 84' lang='lat' dir='ltr'>Te</span> <span class='ocrx_word' id='word_1_186' title='bbox 1005 1093 1062 1116; x_wconf 84' lang='lat' dir='ltr'>rex</span> <span class='ocrx_word' id='word_1_187' title='bbox 1086 1084 1187 1116; x_wconf 82' lang='lat' dir='ltr'>sitivit</span> <span class='ocrx_word' id='word_1_188' title='bbox 1210 1085 1361 1116; x_wconf 91' lang='lat' dir='ltr'>luminum</span> 
     </span>
    </p>
   </div>
   <div class='ocr_carea' id='block_1_21' title="bbox 934 1129 1435 1350">
    <p class='ocr_par' dir='ltr' id='par_1_23' title="bbox 934 1129 1411 1170">
     <span class='ocr_line' id='line_1_62' title="bbox 934 1129 1411 1170; baseline 0.002 -8"><span class='ocrx_word' id='word_1_189' title='bbox 934 1131 997 1163; x_wconf 89' lang='lat' dir='ltr'>Hic</span> <span class='ocrx_word' id='word_1_190' title='bbox 1019 1129 1105 1162; x_wconf 85' lang='lat' dir='ltr'>infra</span> <span class='ocrx_word' id='word_1_191' title='bbox 1125 1132 1210 1163; x_wconf 85' lang='lat' dir='ltr'>vitae</span> <span class='ocrx_word' id='word_1_192' title='bbox 1233 1131 1411 1170; x_wconf 87' lang='lat' dir='ltr'>terminum,</span> 
     </span>
    </p>

    <p class='ocr_par' dir='ltr' id='par_1_24' title="bbox 937 1177 1356 1217">
     <span class='ocr_line' id='line_1_63' title="bbox 937 1177 1356 1217; baseline 0 -8"><span class='ocrx_word' id='word_1_193' title='bbox 937 1177 1031 1216; x_wconf 86' lang='lat' dir='ltr'>Cujus</span> <span class='ocrx_word' id='word_1_194' title='bbox 1057 1177 1186 1209; x_wconf 78' lang='lat' dir='ltr'>obtentu</span> <span class='ocrx_word' id='word_1_195' title='bbox 1210 1179 1356 1217; x_wconf 90' lang='lat' dir='ltr'>petimus,</span> 
     </span>
    </p>

    <p class='ocr_par' dir='ltr' id='par_1_25' title="bbox 935 1224 1435 1350">
     <span class='ocr_line' id='line_1_64' title="bbox 935 1224 1435 1264; baseline 0 -9"><span class='ocrx_word' id='word_1_196' title='bbox 935 1224 1032 1262; x_wconf 71' lang='lat' dir='ltr'>Quem</span> <span class='ocrx_word' id='word_1_197' title='bbox 1056 1224 1257 1256; x_wconf 86' lang='lat' dir='ltr'>miserantem</span> <span class='ocrx_word' id='word_1_198' title='bbox 1282 1225 1435 1264; x_wconf 87' lang='lat' dir='ltr'>novimus,</span> 
     </span>
     <span class='ocr_line' id='line_1_65' title="bbox 983 1271 1398 1310; baseline -0.005 -7"><span class='ocrx_word' id='word_1_199' title='bbox 983 1271 1076 1303; x_wconf 81' lang='lat' dir='ltr'>Nunc</span> <span class='ocrx_word' id='word_1_200' title='bbox 1098 1271 1237 1310; x_wconf 85' lang='lat' dir='ltr'>glorians</span> <span class='ocrx_word' id='word_1_201' title='bbox 1260 1272 1294 1303; x_wconf 87' lang='lat' dir='ltr'>in</span> <span class='ocrx_word' id='word_1_202' title='bbox 1317 1279 1398 1310; x_wconf 85' lang='lat' dir='ltr'>pace</span> 
     </span>
     <span class='ocr_line' id='line_1_66' title="bbox 982 1317 1412 1350; baseline 0 0"><span class='ocrx_word' id='word_1_203' title='bbox 982 1318 1027 1350; x_wconf 85' lang='lat' dir='ltr'>Ut</span> <span class='ocrx_word' id='word_1_204' title='bbox 1051 1318 1161 1349; x_wconf 85' lang='lat' dir='ltr'>audias</span> <span class='ocrx_word' id='word_1_205' title='bbox 1185 1327 1242 1350; x_wconf 91' lang='lat' dir='ltr'>nos</span> <span class='ocrx_word' id='word_1_206' title='bbox 1269 1317 1309 1349; x_wconf 85' lang='lat' dir='ltr'>‹le</span> <span class='ocrx_word' id='word_1_207' title='bbox 1332 1319 1412 1350; x_wconf 85' lang='lat' dir='ltr'>luce.</span> 
     </span>
    </p>
   </div>
   <div class='ocr_carea' id='block_1_22' title="bbox 900 1374 1394 1414">
    <p class='ocr_par' dir='ltr' id='par_1_26' title="bbox 900 1374 1394 1414">
     <span class='ocr_line' id='line_1_67' title="bbox 900 1374 1394 1414; baseline -0.004 -7"><span class='ocrx_word' id='word_1_208' title='bbox 900 1401 907 1407; x_wconf 94' lang='lat'>.</span> <span class='ocrx_word' id='word_1_209' title='bbox 932 1374 1034 1407; x_wconf 82' lang='lat' dir='ltr'>Terra</span> <span class='ocrx_word' id='word_1_210' title='bbox 1058 1378 1090 1405; x_wconf 86' lang='lat' dir='ltr'>et</span> <span class='ocrx_word' id='word_1_211' title='bbox 1113 1376 1239 1414; x_wconf 85' lang='lat' dir='ltr'>pontus,</span> <span class='ocrx_word' id='word_1_212' title='bbox 1264 1374 1394 1406; x_wconf 83' lang='lat' dir='ltr'>aethera</span> 
     </span>
    </p>
   </div>
   <div class='ocr_carea' id='block_1_23' title="bbox 934 1420 1448 1641">
    <p class='ocr_par' dir='ltr' id='par_1_27' title="bbox 936 1420 1448 1509">
     <span class='ocr_line' id='line_1_68' title="bbox 936 1420 1448 1460; baseline 0 -7"><span class='ocrx_word' id='word_1_213' title='bbox 936 1420 1105 1454; x_wconf 86' lang='lat' dir='ltr'>Sedentem</span> <span class='ocrx_word' id='word_1_214' title='bbox 1128 1422 1162 1453; x_wconf 90' lang='lat' dir='ltr'>in</span> <span class='ocrx_word' id='word_1_215' title='bbox 1186 1422 1288 1460; x_wconf 84' lang='lat' dir='ltr'>patris</span> <span class='ocrx_word' id='word_1_216' title='bbox 1315 1421 1448 1454; x_wconf 83' lang='lat' dir='ltr'>dextera</span> 
     </span>
     <span class='ocr_line' id='line_1_69' title="bbox 979 1468 1371 1509; baseline 0 -10"><span class='ocrx_word' id='word_1_217' title='bbox 979 1468 1134 1501; x_wconf 85' lang='lat' dir='ltr'>Exaltant</span> <span class='ocrx_word' id='word_1_218' title='bbox 1157 1469 1241 1500; x_wconf 91' lang='lat' dir='ltr'>omni</span> <span class='ocrx_word' id='word_1_219' title='bbox 1265 1468 1371 1509; x_wconf 84' lang='lat' dir='ltr'>laude,</span> 
     </span>
    </p>

    <p class='ocr_par' dir='ltr' id='par_1_28' title="bbox 934 1515 1306 1555">
     <span class='ocr_line' id='line_1_70' title="bbox 934 1515 1306 1555; baseline -0.003 -7"><span class='ocrx_word' id='word_1_220' title='bbox 934 1515 1027 1548; x_wconf 86' lang='lat' dir='ltr'>Forti</span> <span class='ocrx_word' id='word_1_221' title='bbox 1051 1515 1139 1554; x_wconf 85' lang='lat' dir='ltr'>cujus</span> <span class='ocrx_word' id='word_1_222' title='bbox 1163 1515 1306 1555; x_wconf 87' lang='lat' dir='ltr'>potentia</span> 
     </span>
    </p>

    <p class='ocr_par' dir='ltr' id='par_1_29' title="bbox 936 1561 1397 1641">
     <span class='ocr_line' id='line_1_71' title="bbox 936 1561 1396 1601; baseline -0.002 -7"><span class='ocrx_word' id='word_1_223' title='bbox 936 1561 1002 1594; x_wconf 85' lang='lat' dir='ltr'>Nos</span> <span class='ocrx_word' id='word_1_224' title='bbox 1026 1563 1079 1594; x_wconf 88' lang='lat' dir='ltr'>hic</span> <span class='ocrx_word' id='word_1_225' title='bbox 1099 1564 1270 1601; x_wconf 90' lang='lat' dir='ltr'>perunctus</span> <span class='ocrx_word' id='word_1_226' title='bbox 1294 1562 1396 1601; x_wconf 85' lang='lat' dir='ltr'>gloria</span> 
     </span>
     <span class='ocr_line' id='line_1_72' title="bbox 982 1607 1397 1641; baseline 0 0"><span class='ocrx_word' id='word_1_227' title='bbox 982 1610 1128 1641; x_wconf 75' lang='lat' dir='ltr'>Protexit,</span> <span class='ocrx_word' id='word_1_228' title='bbox 1152 1609 1249 1641; x_wconf 84' lang='lat' dir='ltr'>Satan</span> <span class='ocrx_word' id='word_1_229' title='bbox 1274 1607 1397 1641; x_wconf 82' lang='lat' dir='ltr'>fraude.</span> 
     </span>
    </p>
   </div>
   <div class='ocr_carea' id='block_1_24' title="bbox 903 1665 1329 1704">
    <p class='ocr_par' dir='ltr' id='par_1_30' title="bbox 903 1665 1329 1704">
     <span class='ocr_line' id='line_1_73' title="bbox 903 1665 1329 1704; baseline -0.005 -7"><span class='ocrx_word' id='word_1_230' title='bbox 903 1690 910 1697; x_wconf 90' lang='lat'><strong>.</strong></span> <span class='ocrx_word' id='word_1_231' title='bbox 937 1665 1034 1698; x_wconf 84' lang='lat' dir='ltr'>Senes</span> <span class='ocrx_word' id='word_1_232' title='bbox 1060 1673 1129 1696; x_wconf 91' lang='lat' dir='ltr'>cum</span> <span class='ocrx_word' id='word_1_233' title='bbox 1150 1665 1329 1704; x_wconf 88' lang='lat' dir='ltr'>junioribus</span> 
     </span>
    </p>
   </div>
   <div class='ocr_carea' id='block_1_25' title="bbox 936 1711 1426 1941">
    <p class='ocr_par' dir='ltr' id='par_1_31' title="bbox 936 1711 1426 1797">
     <span class='ocr_line' id='line_1_74' title="bbox 936 1711 1426 1745; baseline -0.004 -1"><span class='ocrx_word' id='word_1_234' title='bbox 936 1712 1085 1745; x_wconf 82' lang='lat' dir='ltr'>Laudent</span> <span class='ocrx_word' id='word_1_235' title='bbox 1107 1711 1276 1743; x_wconf 83' lang='lat' dir='ltr'>Dominum</span> <span class='ocrx_word' id='word_1_236' title='bbox 1296 1712 1426 1743; x_wconf 79' lang='lat' dir='ltr'>vocibus</span> 
     </span>
     <span class='ocr_line' id='line_1_75' title="bbox 985 1759 1191 1797; baseline -0.01 -6"><span class='ocrx_word' id='word_1_237' title='bbox 985 1759 1022 1791; x_wconf 90' lang='lat' dir='ltr'>In</span> <span class='ocrx_word' id='word_1_238' title='bbox 1048 1759 1191 1797; x_wconf 82' lang='lat' dir='ltr'>excelsis,</span> 
     </span>
    </p>

    <p class='ocr_par' dir='ltr' id='par_1_32' title="bbox 939 1805 1352 1845">
     <span class='ocr_line' id='line_1_76' title="bbox 939 1805 1352 1845; baseline -0.007 -6"><span class='ocrx_word' id='word_1_239' title='bbox 939 1806 1035 1845; x_wconf 76' lang='lat' dir='ltr'>Cujus</span> <span class='ocrx_word' id='word_1_240' title='bbox 1062 1814 1157 1837; x_wconf 85' lang='lat' dir='ltr'>senex</span> <span class='ocrx_word' id='word_1_241' title='bbox 1181 1805 1352 1837; x_wconf 89' lang='lat' dir='ltr'>virtutibus</span> 
     </span>
    </p>

    <p class='ocr_par' dir='ltr' id='par_1_33' title="bbox 939 1853 1360 1941">
     <span class='ocr_line' id='line_1_77' title="bbox 939 1853 1339 1894; baseline -0.008 -8"><span class='ocrx_word' id='word_1_242' title='bbox 939 1854 995 1887; x_wconf 82' lang='lat' dir='ltr'>Fit</span> <span class='ocrx_word' id='word_1_243' title='bbox 1017 1853 1120 1894; x_wconf 86' lang='lat' dir='ltr'>aegris</span> <span class='ocrx_word' id='word_1_244' title='bbox 1145 1853 1339 1885; x_wconf 84' lang='lat' dir='ltr'>medicamen</span> 
     </span>
     <span class='ocr_line' id='line_1_78' title="bbox 987 1900 1360 1941; baseline 0 -9"><span class='ocrx_word' id='word_1_245' title='bbox 987 1900 1125 1941; x_wconf 85' lang='lat' dir='ltr'>Fulgens</span> <span class='ocrx_word' id='word_1_246' title='bbox 1149 1901 1180 1932; x_wconf 88' lang='lat' dir='ltr'>in</span> <span class='ocrx_word' id='word_1_247' title='bbox 1207 1900 1360 1934; x_wconf 63' lang='lat' dir='ltr'>adversis</span> 
     </span>
    </p>
   </div>
   <div class='ocr_carea' id='block_1_26' title="bbox 1056 1974 1305 2002">
    <p class='ocr_par' dir='ltr' id='par_1_34' title="bbox 1056 1974 1305 2002">
     <span class='ocr_line' id='line_1_79' title="bbox 1056 1974 1305 2002; baseline -0.004 0"><span class='ocrx_word' id='word_1_248' title='bbox 1056 1975 1101 2002; x_wconf 82' lang='lat' dir='ltr'>Ad</span> <span class='ocrx_word' id='word_1_249' title='bbox 1121 1974 1305 2002; x_wconf 78' lang='lat' dir='ltr'>Benedictus.</span> 
     </span>
    </p>
   </div>
   <div class='ocr_carea' id='block_1_27' title="bbox 900 2023 1294 2058">
    <p class='ocr_par' dir='ltr' id='par_1_35' title="bbox 900 2023 1294 2058">
     <span class='ocr_line' id='line_1_80' title="bbox 900 2023 1294 2058; baseline -0.01 0"><span class='ocrx_word' id='word_1_250' title='bbox 900 2050 908 2057; x_wconf 93' lang='lat'><em>.</em></span> <span class='ocrx_word' id='word_1_251' title='bbox 938 2024 1065 2058; x_wconf 85' lang='lat' dir='ltr'>Floruit</span> <span class='ocrx_word' id='word_1_252' title='bbox 1089 2024 1172 2055; x_wconf 92' lang='lat' dir='ltr'>sicut</span> <span class='ocrx_word' id='word_1_253' title='bbox 1193 2023 1294 2054; x_wconf 87' lang='lat' dir='ltr'>lilium</span> 
     </span>
    </p>
   </div>
   <div class='ocr_carea' id='block_1_28' title="bbox 939 2069 1465 2441">
    <p class='ocr_par' dir='ltr' id='par_1_36' title="bbox 939 2069 1465 2441">
     <span class='ocr_line' id='line_1_81' title="bbox 986 2069 1438 2103; baseline -0.002 0"><span class='ocrx_word' id='word_1_254' title='bbox 986 2072 1098 2103; x_wconf 88' lang='lat' dir='ltr'>Almus</span> <span class='ocrx_word' id='word_1_255' title='bbox 1125 2069 1287 2103; x_wconf 91' lang='lat' dir='ltr'>confessor</span> <span class='ocrx_word' id='word_1_256' title='bbox 1309 2070 1438 2102; x_wconf 82' lang='lat' dir='ltr'>inclitus</span> 
     </span>
     <span class='ocr_line' id='line_1_82' title="bbox 1032 2118 1412 2157; baseline -0.003 -7"><span class='ocrx_word' id='word_1_257' title='bbox 1032 2118 1176 2150; x_wconf 85' lang='lat' dir='ltr'>Moribus</span> <span class='ocrx_word' id='word_1_258' title='bbox 1202 2120 1234 2149; x_wconf 93' lang='lat' dir='ltr'>et</span> <span class='ocrx_word' id='word_1_259' title='bbox 1258 2118 1412 2157; x_wconf 87' lang='lat' dir='ltr'>doctrina,</span> 
     </span>
     <span class='ocr_line' id='line_1_83' title="bbox 939 2165 1420 2205; baseline -0.006 -6"><span class='ocrx_word' id='word_1_260' title='bbox 939 2166 1024 2199; x_wconf 77' lang='lat' dir='ltr'>Nam</span> <span class='ocrx_word' id='word_1_261' title='bbox 1047 2165 1101 2197; x_wconf 87' lang='lat' dir='ltr'>hic</span> <span class='ocrx_word' id='word_1_262' title='bbox 1125 2169 1198 2198; x_wconf 84' lang='lat' dir='ltr'>ante</span> <span class='ocrx_word' id='word_1_263' title='bbox 1221 2166 1420 2205; x_wconf 87' lang='lat' dir='ltr'>septennium</span> 
     </span>
     <span class='ocr_line' id='line_1_84' title="bbox 984 2211 1377 2251; baseline -0.008 -6"><span class='ocrx_word' id='word_1_264' title='bbox 984 2213 1046 2245; x_wconf 88' lang='lat' dir='ltr'>Dei</span> <span class='ocrx_word' id='word_1_265' title='bbox 1072 2213 1189 2245; x_wconf 82' lang='lat' dir='ltr'>virtute</span> <span class='ocrx_word' id='word_1_266' title='bbox 1213 2211 1377 2251; x_wconf 87' lang='lat' dir='ltr'>praeditus</span> 
     </span>
     <span class='ocr_line' id='line_1_85' title="bbox 1034 2258 1410 2297; baseline -0.005 -5"><span class='ocrx_word' id='word_1_267' title='bbox 1034 2260 1124 2292; x_wconf 80' lang='lat' dir='ltr'>Vixit</span> <span class='ocrx_word' id='word_1_268' title='bbox 1144 2259 1202 2291; x_wconf 87' lang='lat' dir='ltr'>sub</span> <span class='ocrx_word' id='word_1_269' title='bbox 1230 2258 1410 2297; x_wconf 79' lang='lat' dir='ltr'>disciplina,</span> 
     </span>
     <span class='ocr_line' id='line_1_86' title="bbox 940 2306 1452 2348; baseline -0.012 -7"><span class='ocrx_word' id='word_1_270' title='bbox 940 2309 1138 2348; x_wconf 88' lang='lat' dir='ltr'>Postponens</span> <span class='ocrx_word' id='word_1_271' title='bbox 1163 2314 1254 2338; x_wconf 90' lang='lat' dir='ltr'>omne</span> <span class='ocrx_word' id='word_1_272' title='bbox 1278 2306 1452 2345; x_wconf 88' lang='lat' dir='ltr'>praemium</span> 
     </span>
     <span class='ocr_line' id='line_1_87' title="bbox 989 2352 1365 2394; baseline -0.011 -7"><span class='ocrx_word' id='word_1_273' title='bbox 989 2353 1206 2394; x_wconf 83' lang='lat' dir='ltr'>Corruptionis</span> <span class='ocrx_word' id='word_1_274' title='bbox 1230 2352 1365 2394; x_wconf 83' lang='lat' dir='ltr'>penitus⁷</span> 
     </span>
     <span class='ocr_line' id='line_1_88' title="bbox 1036 2400 1465 2441; baseline 0 -7"><span class='ocrx_word' id='word_1_275' title='bbox 1036 2401 1144 2434; x_wconf 87' lang='lat' dir='ltr'>Solum</span> <span class='ocrx_word' id='word_1_276' title='bbox 1169 2409 1322 2441; x_wconf 85' lang='lat' dir='ltr'>quaerens</span> <span class='ocrx_word' id='word_1_277' title='bbox 1349 2400 1465 2434; x_wconf 86' lang='lat' dir='ltr'>divina.</span> 
     </span>
    </p>
   </div>
  </div>
 </body>
</html>
