<?xml version="1.0" encoding="UTF-8"?>
<!DOCTYPE html PUBLIC "-//W3C//DTD XHTML 1.0 Transitional//EN"
    "http://www.w3.org/TR/xhtml1/DTD/xhtml1-transitional.dtd">
<html xmlns="http://www.w3.org/1999/xhtml" xml:lang="en" lang="en">
 <head>
  <title>
</title>
<meta http-equiv="Content-Type" content="text/html;charset=utf-8" />
  <meta name='ocr-system' content='tesseract 3.04.00' />
  <meta name='ocr-capabilities' content='ocr_page ocr_carea ocr_par ocr_line ocrx_word'/>
</head>
<body>
  <div class='ocr_page' id='page_1' title='image "./analectahymnica24drevuoft_00149.png"; bbox 0 0 1652 2615; ppageno 0'>
   <div class='ocr_carea' id='block_1_1' title="bbox 737 161 984 194">
    <p class='ocr_par' dir='ltr' id='par_1_1' title="bbox 737 161 984 194">
     <span class='ocr_line' id='line_1_1' title="bbox 737 161 984 194; baseline 0.008 -1"><span class='ocrx_word' id='word_1_1' title='bbox 737 161 984 194; x_wconf 84' lang='lat'>—146—</span> 
     </span>
    </p>
   </div>
   <div class='ocr_carea' id='block_1_2' title="bbox 283 255 681 434">
    <p class='ocr_par' dir='ltr' id='par_1_2' title="bbox 283 255 681 340">
     <span class='ocr_line' id='line_1_2' title="bbox 283 255 681 294; baseline 0.003 -9"><span class='ocrx_word' id='word_1_2' title='bbox 283 255 341 294; x_wconf 79' lang='lat' dir='ltr'>Qui</span> <span class='ocrx_word' id='word_1_3' title='bbox 365 257 498 287; x_wconf 81' lang='lat' dir='ltr'>matrem</span> <span class='ocrx_word' id='word_1_4' title='bbox 522 256 554 287; x_wconf 89' lang='lat' dir='ltr'>in</span> <span class='ocrx_word' id='word_1_5' title='bbox 580 259 681 287; x_wconf 86' lang='lat' dir='ltr'>morte</span> 
     </span>
     <span class='ocr_line' id='line_1_3' title="bbox 326 301 678 340; baseline 0 -7"><span class='ocrx_word' id='word_1_6' title='bbox 326 301 461 333; x_wconf 87' lang='lat' dir='ltr'>Johanni</span> <span class='ocrx_word' id='word_1_7' title='bbox 487 303 678 340; x_wconf 82' lang='lat' dir='ltr'><strong>commisisti,</strong></span> 
     </span>
    </p>

    <p class='ocr_par' dir='ltr' id='par_1_3' title="bbox 283 348 678 434">
     <span class='ocr_line' id='line_1_4' title="bbox 283 348 647 388; baseline 0.003 -10"><span class='ocrx_word' id='word_1_8' title='bbox 283 348 340 387; x_wconf 81' lang='lat' dir='ltr'>Qui</span> <span class='ocrx_word' id='word_1_9' title='bbox 364 357 422 380; x_wconf 89' lang='lat' dir='ltr'>nee</span> <span class='ocrx_word' id='word_1_10' title='bbox 447 350 513 388; x_wconf 84' lang='lat' dir='ltr'>eJ&#39;us</span> <span class='ocrx_word' id='word_1_11' title='bbox 538 349 647 388; x_wconf 88' lang='lat' dir='ltr'>poenis</span> 
     </span>
     <span class='ocr_line' id='line_1_5' title="bbox 329 395 678 434; baseline -0.006 -8"><span class='ocrx_word' id='word_1_12' title='bbox 329 403 388 426; x_wconf 89' lang='lat' dir='ltr'>nec</span> <span class='ocrx_word' id='word_1_13' title='bbox 411 396 472 426; x_wconf 90' lang='lat' dir='ltr'>tuis</span> <span class='ocrx_word' id='word_1_14' title='bbox 497 395 678 434; x_wconf 80' lang='lat' dir='ltr'>pepercisti,</span> 
     </span>
    </p>
   </div>
   <div class='ocr_carea' id='block_1_3' title="bbox 955 255 1454 426">
    <p class='ocr_par' dir='ltr' id='par_1_4' title="bbox 955 255 1454 426">
     <span class='ocr_line' id='line_1_6' title="bbox 955 255 1276 295; baseline 0.006 -10"><span class='ocrx_word' id='word_1_15' title='bbox 955 255 1029 286; x_wconf 87' lang='lat' dir='ltr'>Tibi</span> <span class='ocrx_word' id='word_1_16' title='bbox 1053 255 1276 295; x_wconf 81' lang='lat' dir='ltr'>supplicamus,</span> 
     </span>
     <span class='ocr_line' id='line_1_7' title="bbox 1002 302 1396 343; baseline -0.003 -10"><span class='ocrx_word' id='word_1_17' title='bbox 1002 311 1060 340; x_wconf 88' lang='lat' dir='ltr'>pro</span> <span class='ocrx_word' id='word_1_18' title='bbox 1085 302 1197 341; x_wconf 80' lang='lat' dir='ltr'>quibus</span> <span class='ocrx_word' id='word_1_19' title='bbox 1222 304 1271 333; x_wconf 80' lang='lat' dir='ltr'>tot</span> <span class='ocrx_word' id='word_1_20' title='bbox 1294 302 1396 343; x_wconf 83' lang='lat' dir='ltr'>egisti,</span> 
     </span>
     <span class='ocr_line' id='line_1_8' title="bbox 955 347 1347 380; baseline 0 0"><span class='ocrx_word' id='word_1_21' title='bbox 955 347 1000 380; x_wconf 84' lang='lat' dir='ltr'>Ut</span> <span class='ocrx_word' id='word_1_22' title='bbox 1026 357 1082 379; x_wconf 89' lang='lat' dir='ltr'>nos</span> <span class='ocrx_word' id='word_1_23' title='bbox 1107 357 1214 380; x_wconf 86' lang='lat' dir='ltr'>amore</span> <span class='ocrx_word' id='word_1_24' title='bbox 1236 350 1347 380; x_wconf 87' lang='lat' dir='ltr'>matris</span> 
     </span>
     <span class='ocr_line' id='line_1_9' title="bbox 1003 395 1454 426; baseline 0.002 -1"><span class='ocrx_word' id='word_1_25' title='bbox 1003 403 1168 426; x_wconf 84' lang='lat' dir='ltr'>conserves</span> <span class='ocrx_word' id='word_1_26' title='bbox 1193 404 1212 426; x_wconf 91' lang='lat' dir='ltr'>a</span> <span class='ocrx_word' id='word_1_27' title='bbox 1235 397 1336 426; x_wconf 84' lang='lat' dir='ltr'>morte</span> <span class='ocrx_word' id='word_1_28' title='bbox 1359 395 1454 426; x_wconf 80' lang='lat' dir='ltr'>tristi.</span> 
     </span>
    </p>
   </div>
   <div class='ocr_carea' id='block_1_4' title="bbox 211 465 1505 616">
    <p class='ocr_par' dir='ltr' id='par_1_5' title="bbox 211 465 1505 616">
     <span class='ocr_line' id='line_1_10' title="bbox 288 465 1503 502; baseline 0.001 -8"><span class='ocrx_word' id='word_1_29' title='bbox 288 468 369 495; x_wconf 84' lang='lat' dir='ltr'>Brev.</span> <span class='ocrx_word' id='word_1_30' title='bbox 394 467 602 495; x_wconf 78' lang='lat' dir='ltr'>Aherdonense</span> <span class='ocrx_word' id='word_1_31' title='bbox 621 469 690 502; x_wconf 90' lang='lat' dir='ltr'>imp.</span> <span class='ocrx_word' id='word_1_32' title='bbox 710 468 900 501; x_wconf 74' lang='lat' dir='ltr'>Edinburgae</span> <span class='ocrx_word' id='word_1_33' title='bbox 921 465 1002 495; x_wconf 85' lang='lat'>1510.</span> <span class='ocrx_word' id='word_1_34' title='bbox 1022 481 1058 486; x_wconf 88' lang='lat'>—</span> <span class='ocrx_word' id='word_1_35' title='bbox 1080 468 1123 495; x_wconf 86' lang='lat' dir='ltr'>In</span> <span class='ocrx_word' id='word_1_36' title='bbox 1145 466 1169 494; x_wconf 89' lang='lat'>1.</span> <span class='ocrx_word' id='word_1_37' title='bbox 1189 468 1288 495; x_wconf 85' lang='lat' dir='ltr'>Noct.</span> <span class='ocrx_word' id='word_1_38' title='bbox 1311 465 1331 493; x_wconf 78' lang='lat' dir='ltr'>R</span> <span class='ocrx_word' id='word_1_39' title='bbox 1352 465 1385 501; x_wconf 81' lang='lat'>2,</span> <span class='ocrx_word' id='word_1_40' title='bbox 1406 466 1424 495; x_wconf 88' lang='grc'>8</span> <span class='ocrx_word' id='word_1_41' title='bbox 1443 470 1503 495; x_wconf 75' lang='lat' dir='ltr'>tam</span> 
     </span>
     <span class='ocr_line' id='line_1_11' title="bbox 211 502 1505 540; baseline 0.001 -9"><span class='ocrx_word' id='word_1_42' title='bbox 211 504 290 531; x_wconf 74' lang='lat' dir='ltr'>fehlt.</span> <span class='ocrx_word' id='word_1_43' title='bbox 311 519 344 523; x_wconf 86' lang='lat'>—</span> <span class='ocrx_word' id='word_1_44' title='bbox 371 502 391 530; x_wconf 81' lang='lat' dir='ltr'>R</span> <span class='ocrx_word' id='word_1_45' title='bbox 413 503 439 538; x_wconf 87' lang='lat'>3,</span> <span class='ocrx_word' id='word_1_46' title='bbox 460 503 477 532; x_wconf 84' lang='lat'><strong>3</strong></span> <span class='ocrx_word' id='word_1_47' title='bbox 497 505 616 532; x_wconf 80' lang='lat' dir='ltr'>videret.</span> <span class='ocrx_word' id='word_1_48' title='bbox 637 520 674 524; x_wconf 92' lang='grc'>-</span> <span class='ocrx_word' id='word_1_49' title='bbox 694 506 839 539; x_wconf 86' lang='lat' dir='ltr'>Hymnen.</span> <span class='ocrx_word' id='word_1_50' title='bbox 859 505 895 532; x_wconf 88' lang='lat' dir='ltr'>In</span> <span class='ocrx_word' id='word_1_51' title='bbox 918 503 941 532; x_wconf 90' lang='lat'>1.</span> <span class='ocrx_word' id='word_1_52' title='bbox 962 505 1115 540; x_wconf 83' lang='lat' dir='ltr'>Vesperis:</span> <span class='ocrx_word' id='word_1_53' title='bbox 1141 505 1315 540; x_wconf 75' lang='lat' dir='ltr'>Imperatrix</span> <span class='ocrx_word' id='word_1_54' title='bbox 1335 504 1505 532; x_wconf 79' lang='lat' dir='ltr'>clementiae</span> 
     </span>
     <span class='ocr_line' id='line_1_12' title="bbox 211 540 1502 577; baseline 0 -8"><span class='ocrx_word' id='word_1_55' title='bbox 211 541 307 573; x_wconf 84' lang='lat' dir='ltr'>(Mone</span> <span class='ocrx_word' id='word_1_56' title='bbox 320 543 359 575; x_wconf 88' lang='grc' dir='ltr'>ΙΙ,</span> <span class='ocrx_word' id='word_1_57' title='bbox 380 540 443 573; x_wconf 83' lang='lat'>139)</span> <span class='ocrx_word' id='word_1_58' title='bbox 450 551 456 577; x_wconf 90' lang='lat'>;</span> <span class='ocrx_word' id='word_1_59' title='bbox 480 543 517 569; x_wconf 82' lang='lat' dir='ltr'>ad</span> <span class='ocrx_word' id='word_1_60' title='bbox 531 543 629 569; x_wconf 78' lang='lat' dir='ltr'>Noet.:</span> <span class='ocrx_word' id='word_1_61' title='bbox 651 542 757 570; x_wconf 78' lang='lat' dir='ltr'>Castae</span> <span class='ocrx_word' id='word_1_62' title='bbox 776 543 906 577; x_wconf 84' lang='lat' dir='ltr'>parentis</span> <span class='ocrx_word' id='word_1_63' title='bbox 925 544 1039 569; x_wconf 84' lang='lat' dir='ltr'>viscera</span> <span class='ocrx_word' id='word_1_64' title='bbox 1050 541 1148 576; x_wconf 77' lang='lat' dir='ltr'>(Mone</span> <span class='ocrx_word' id='word_1_65' title='bbox 1160 542 1199 575; x_wconf 87' lang='lat'>11,</span> <span class='ocrx_word' id='word_1_66' title='bbox 1222 540 1299 575; x_wconf 84' lang='lat'>142);</span> <span class='ocrx_word' id='word_1_67' title='bbox 1321 542 1357 569; x_wconf 84' lang='lat' dir='ltr'>ad</span> <span class='ocrx_word' id='word_1_68' title='bbox 1370 543 1502 570; x_wconf 81' lang='lat' dir='ltr'>Laudes:</span> 
     </span>
     <span class='ocr_line' id='line_1_13' title="bbox 211 578 1503 616; baseline 0.001 -10"><span class='ocrx_word' id='word_1_69' title='bbox 211 579 234 607; x_wconf 88' lang='lat' dir='ltr'>O</span> <span class='ocrx_word' id='word_1_70' title='bbox 266 580 395 614; x_wconf 84' lang='lat' dir='ltr'>gloriosa</span> <span class='ocrx_word' id='word_1_71' title='bbox 426 580 544 607; x_wconf 87' lang='lat' dir='ltr'>domina</span> <span class='ocrx_word' id='word_1_72' title='bbox 571 579 666 614; x_wconf 85' lang='lat' dir='ltr'>(Anal.</span> <span class='ocrx_word' id='word_1_73' title='bbox 692 580 746 611; x_wconf 77' lang='lat' dir='ltr'>IV,</span> <span class='ocrx_word' id='word_1_74' title='bbox 778 579 837 614; x_wconf 83' lang='lat'>57);</span> <span class='ocrx_word' id='word_1_75' title='bbox 874 581 905 607; x_wconf 89' lang='lat' dir='ltr'>in</span> <span class='ocrx_word' id='word_1_76' title='bbox 935 578 961 606; x_wconf 81' lang='lat'>2.</span> <span class='ocrx_word' id='word_1_77' title='bbox 992 580 1093 615; x_wconf 91' lang='lat' dir='ltr'>Vesp.:</span> <span class='ocrx_word' id='word_1_78' title='bbox 1127 580 1248 615; x_wconf 79' lang='lat' dir='ltr'>Ingrata</span> <span class='ocrx_word' id='word_1_79' title='bbox 1275 588 1346 616; x_wconf 78' lang='lat' dir='ltr'>gens</span> <span class='ocrx_word' id='word_1_80' title='bbox 1377 580 1503 608; x_wconf 85' lang='lat' dir='ltr'>Judaica</span> 
     </span>
    </p>
   </div>
   <div class='ocr_carea' id='block_1_5' title="bbox 208 614 475 652">
    <p class='ocr_par' dir='ltr' id='par_1_6' title="bbox 208 614 475 652">
     <span class='ocr_line' id='line_1_14' title="bbox 208 614 475 652; baseline 0.004 -9"><span class='ocrx_word' id='word_1_81' title='bbox 208 616 301 648; x_wconf 64' lang='lat' dir='ltr'>(anal.</span> <span class='ocrx_word' id='word_1_82' title='bbox 322 616 399 651; x_wconf 72' lang='lat' dir='ltr'>xix,</span> <span class='ocrx_word' id='word_1_83' title='bbox 425 614 475 652; x_wconf 84' lang='lat'>18).</span> 
     </span>
    </p>
   </div>
   <div class='ocr_carea' id='block_1_6' title="bbox 619 724 1079 766">
    <p class='ocr_par' dir='ltr' id='par_1_7' title="bbox 619 724 1079 766">
     <span class='ocr_line' id='line_1_15' title="bbox 619 724 1079 766; baseline 0.002 -10"><span class='ocrx_word' id='word_1_84' title='bbox 619 725 668 757; x_wconf 89' lang='grc'>46.</span> <span class='ocrx_word' id='word_1_85' title='bbox 697 724 740 756; x_wconf 87' lang='lat' dir='ltr'>De</span> <span class='ocrx_word' id='word_1_86' title='bbox 761 725 973 766; x_wconf 75' lang='lat' dir='ltr'>compassione</span> <span class='ocrx_word' id='word_1_87' title='bbox 992 725 1079 757; x_wconf 78' lang='lat' dir='ltr'><strong>BMV.</strong></span> 
     </span>
    </p>
   </div>
   <div class='ocr_carea' id='block_1_7' title="bbox 347 803 685 843">
    <p class='ocr_par' dir='ltr' id='par_1_8' title="bbox 347 803 685 843">
     <span class='ocr_line' id='line_1_16' title="bbox 347 803 685 843; baseline 0.006 -9"><span class='ocrx_word' id='word_1_88' title='bbox 347 803 391 834; x_wconf 91' lang='lat' dir='ltr'>In</span> <span class='ocrx_word' id='word_1_89' title='bbox 418 803 447 835; x_wconf 91' lang='lat'>1.</span> <span class='ocrx_word' id='word_1_90' title='bbox 473 803 685 843; x_wconf 79' lang='lat' dir='ltr'>Vesperis.</span> 
     </span>
    </p>
   </div>
   <div class='ocr_carea' id='block_1_8' title="bbox 399 876 641 913">
    <p class='ocr_par' dir='ltr' id='par_1_9' title="bbox 399 876 641 913">
     <span class='ocr_line' id='line_1_17' title="bbox 399 876 641 913; baseline 0.008 -10"><span class='ocrx_word' id='word_1_91' title='bbox 399 876 443 903; x_wconf 81' lang='lat' dir='ltr'>Ad</span> <span class='ocrx_word' id='word_1_92' title='bbox 463 876 641 913; x_wconf 70' lang='lat' dir='ltr'>Mag-nificat.</span> 
     </span>
    </p>
   </div>
   <div class='ocr_carea' id='block_1_9' title="bbox 207 932 744 1064">
    <p class='ocr_par' dir='ltr' id='par_1_10' title="bbox 207 932 744 1064">
     <span class='ocr_line' id='line_1_18' title="bbox 207 932 578 972; baseline 0.008 -10"><span class='ocrx_word' id='word_1_93' title='bbox 207 934 248 963; x_wconf 93' lang='lat' dir='ltr'>A.</span> <span class='ocrx_word' id='word_1_94' title='bbox 275 932 371 971; x_wconf 85' lang='lat' dir='ltr'>Virgo</span> <span class='ocrx_word' id='word_1_95' title='bbox 395 942 489 972; x_wconf 85' lang='lat' dir='ltr'>passa</span> <span class='ocrx_word' id='word_1_96' title='bbox 514 932 578 965; x_wconf 93' lang='lat' dir='ltr'>filio</span> 
     </span>
     <span class='ocr_line' id='line_1_19' title="bbox 323 980 744 1019; baseline 0.005 -9"><span class='ocrx_word' id='word_1_97' title='bbox 323 980 458 1010; x_wconf 82' lang='lat' dir='ltr'>Poenam</span> <span class='ocrx_word' id='word_1_98' title='bbox 486 980 590 1012; x_wconf 85' lang='lat' dir='ltr'>cordis</span> <span class='ocrx_word' id='word_1_99' title='bbox 614 981 744 1019; x_wconf 79' lang='lat' dir='ltr'>indicat,</span> 
     </span>
     <span class='ocr_line' id='line_1_20' title="bbox 277 1024 629 1064; baseline 0.009 -9"><span class='ocrx_word' id='word_1_100' title='bbox 277 1024 318 1056; x_wconf 79' lang='lat' dir='ltr'>Se</span> <span class='ocrx_word' id='word_1_101' title='bbox 341 1026 444 1064; x_wconf 84' lang='lat' dir='ltr'>plebis</span> <span class='ocrx_word' id='word_1_102' title='bbox 468 1026 500 1057; x_wconf 90' lang='lat' dir='ltr'>in</span> <span class='ocrx_word' id='word_1_103' title='bbox 524 1027 629 1058; x_wconf 86' lang='lat' dir='ltr'>medio</span> 
     </span>
    </p>
   </div>
   <div class='ocr_carea' id='block_1_10' title="bbox 323 1071 759 1114">
    <p class='ocr_par' dir='ltr' id='par_1_11' title="bbox 323 1071 759 1114">
     <span class='ocr_line' id='line_1_21' title="bbox 323 1071 759 1114; baseline 0.005 -11"><span class='ocrx_word' id='word_1_104' title='bbox 323 1071 440 1103; x_wconf 86' lang='lat' dir='ltr'>Contra</span> <span class='ocrx_word' id='word_1_105' title='bbox 464 1081 582 1104; x_wconf 88' lang='lat' dir='ltr'>morem</span> <span class='ocrx_word' id='word_1_106' title='bbox 606 1074 759 1114; x_wconf 83' lang='lat' dir='ltr'>publicat,</span> 
     </span>
    </p>
   </div>
   <div class='ocr_carea' id='block_1_11' title="bbox 280 1118 597 1158">
    <p class='ocr_par' dir='ltr' id='par_1_12' title="bbox 280 1118 597 1158">
     <span class='ocr_line' id='line_1_22' title="bbox 280 1118 597 1158; baseline 0.003 -8"><span class='ocrx_word' id='word_1_107' title='bbox 280 1118 418 1158; x_wconf 82' lang='lat' dir='ltr'>Urgente</span> <span class='ocrx_word' id='word_1_108' title='bbox 442 1120 597 1158; x_wconf 88' lang='lat' dir='ltr'>supplicio</span> 
     </span>
    </p>
   </div>
   <div class='ocr_carea' id='block_1_12' title="bbox 278 1165 779 1252">
    <p class='ocr_par' dir='ltr' id='par_1_13' title="bbox 278 1165 779 1252">
     <span class='ocr_line' id='line_1_23' title="bbox 322 1165 751 1206; baseline 0.007 -11"><span class='ocrx_word' id='word_1_109' title='bbox 322 1165 423 1196; x_wconf 86' lang='lat' dir='ltr'>Voces</span> <span class='ocrx_word' id='word_1_110' title='bbox 447 1168 582 1197; x_wconf 87' lang='lat' dir='ltr'>maestas</span> <span class='ocrx_word' id='word_1_111' title='bbox 607 1167 751 1206; x_wconf 79' lang='lat' dir='ltr'>replicat,</span> 
     </span>
     <span class='ocr_line' id='line_1_24' title="bbox 278 1210 779 1252; baseline 0.008 -11"><span class='ocrx_word' id='word_1_112' title='bbox 278 1210 363 1248; x_wconf 70' lang='lat' dir='ltr'>Quae</span> <span class='ocrx_word' id='word_1_113' title='bbox 387 1212 544 1250; x_wconf 88' lang='lat' dir='ltr'>quondam</span> <span class='ocrx_word' id='word_1_114' title='bbox 568 1221 645 1251; x_wconf 88' lang='lat' dir='ltr'>prae</span> <span class='ocrx_word' id='word_1_115' title='bbox 665 1214 779 1252; x_wconf 86' lang='lat' dir='ltr'>gaudio</span> 
     </span>
    </p>
   </div>
   <div class='ocr_carea' id='block_1_13' title="bbox 324 1257 661 1298">
    <p class='ocr_par' dir='ltr' id='par_1_14' title="bbox 324 1257 661 1298">
     <span class='ocr_line' id='line_1_25' title="bbox 324 1257 661 1298; baseline 0.009 -10"><span class='ocrx_word' id='word_1_116' title='bbox 324 1257 445 1289; x_wconf 77' lang='lat' dir='ltr'>Ceeinit</span> <span class='ocrx_word' id='word_1_117' title='bbox 468 1258 661 1298; x_wconf 75' lang='lat' dir='ltr'>Magnificat.</span> 
     </span>
    </p>
   </div>
   <div class='ocr_carea' id='block_1_14' title="bbox 339 1359 685 1392">
    <p class='ocr_par' dir='ltr' id='par_1_15' title="bbox 339 1359 685 1392">
     <span class='ocr_line' id='line_1_26' title="bbox 339 1359 685 1392; baseline 0.006 -2"><span class='ocrx_word' id='word_1_118' title='bbox 339 1359 397 1390; x_wconf 87' lang='lat' dir='ltr'>Ad</span> <span class='ocrx_word' id='word_1_119' title='bbox 421 1359 685 1392; x_wconf 78' lang='lat' dir='ltr'>Matutinum.</span> 
     </span>
    </p>
   </div>
   <div class='ocr_carea' id='block_1_15' title="bbox 408 1433 620 1461">
    <p class='ocr_par' dir='ltr' id='par_1_16' title="bbox 408 1433 620 1461">
     <span class='ocr_line' id='line_1_27' title="bbox 408 1433 620 1461; baseline 0.009 -2"><span class='ocrx_word' id='word_1_120' title='bbox 408 1433 620 1461; x_wconf 76' lang='lat' dir='ltr'>Invitatorium.</span> 
     </span>
    </p>
   </div>
   <div class='ocr_carea' id='block_1_16' title="bbox 274 1488 638 1668">
    <p class='ocr_par' dir='ltr' id='par_1_17' title="bbox 274 1488 638 1668">
     <span class='ocr_line' id='line_1_28' title="bbox 276 1488 628 1529; baseline 0.006 -10"><span class='ocrx_word' id='word_1_121' title='bbox 276 1488 352 1520; x_wconf 87' lang='lat' dir='ltr'>Cum</span> <span class='ocrx_word' id='word_1_122' title='bbox 377 1489 482 1520; x_wconf 84' lang='lat' dir='ltr'>Maria</span> <span class='ocrx_word' id='word_1_123' title='bbox 506 1490 628 1529; x_wconf 83' lang='lat' dir='ltr'>virgine</span> 
     </span>
     <span class='ocr_line' id='line_1_29' title="bbox 320 1534 638 1576; baseline 0.006 -10"><span class='ocrx_word' id='word_1_124' title='bbox 320 1534 444 1567; x_wconf 84' lang='lat' dir='ltr'>fervide</span> <span class='ocrx_word' id='word_1_125' title='bbox 468 1537 638 1576; x_wconf 86' lang='lat' dir='ltr'>ploremus,</span> 
     </span>
     <span class='ocr_line' id='line_1_30' title="bbox 274 1582 614 1622; baseline 0.006 -9"><span class='ocrx_word' id='word_1_126' title='bbox 274 1582 312 1613; x_wconf 91' lang='lat' dir='ltr'>In</span> <span class='ocrx_word' id='word_1_127' title='bbox 337 1583 437 1614; x_wconf 87' lang='lat' dir='ltr'>crucis</span> <span class='ocrx_word' id='word_1_128' title='bbox 459 1583 614 1622; x_wconf 87' lang='lat' dir='ltr'>supplicio</span> 
     </span>
     <span class='ocr_line' id='line_1_31' title="bbox 318 1630 625 1668; baseline 0.007 -8"><span class='ocrx_word' id='word_1_129' title='bbox 318 1638 423 1668; x_wconf 87' lang='lat' dir='ltr'>regem</span> <span class='ocrx_word' id='word_1_130' title='bbox 448 1630 625 1662; x_wconf 87' lang='lat' dir='ltr'>adoremus.</span> 
     </span>
    </p>
   </div>
   <div class='ocr_carea' id='block_1_17' title="bbox 315 1732 674 1766">
    <p class='ocr_par' dir='ltr' id='par_1_18' title="bbox 315 1732 674 1766">
     <span class='ocr_line' id='line_1_32' title="bbox 315 1732 674 1766; baseline 0.008 -3"><span class='ocrx_word' id='word_1_131' title='bbox 315 1732 361 1763; x_wconf 94' lang='lat' dir='ltr'>In</span> <span class='ocrx_word' id='word_1_132' title='bbox 388 1733 417 1764; x_wconf 88' lang='lat'>1.</span> <span class='ocrx_word' id='word_1_133' title='bbox 445 1732 674 1766; x_wconf 80' lang='lat' dir='ltr'>Nocturno.</span> 
     </span>
    </p>
   </div>
   <div class='ocr_carea' id='block_1_18' title="bbox 407 1806 602 1842">
    <p class='ocr_par' dir='ltr' id='par_1_19' title="bbox 407 1806 602 1842">
     <span class='ocr_line' id='line_1_33' title="bbox 407 1806 602 1842; baseline 0.005 -9"><span class='ocrx_word' id='word_1_134' title='bbox 407 1806 602 1842; x_wconf 72' lang='lat' dir='ltr'>Antiphonae.</span> 
     </span>
    </p>
   </div>
   <div class='ocr_carea' id='block_1_19' title="bbox 211 1861 684 2237">
    <p class='ocr_par' dir='ltr' id='par_1_20' title="bbox 211 1861 684 2237">
     <span class='ocr_line' id='line_1_34' title="bbox 212 1861 585 1901; baseline 0.008 -9"><span class='ocrx_word' id='word_1_135' title='bbox 212 1861 242 1892; x_wconf 93' lang='lat'>1.</span> <span class='ocrx_word' id='word_1_136' title='bbox 269 1861 390 1901; x_wconf 85' lang='lat' dir='ltr'>Regina</span> <span class='ocrx_word' id='word_1_137' title='bbox 415 1863 585 1895; x_wconf 87' lang='lat' dir='ltr'>laudabilis</span> 
     </span>
     <span class='ocr_line' id='line_1_35' title="bbox 315 1910 679 1951; baseline 0.011 -12"><span class='ocrx_word' id='word_1_138' title='bbox 315 1910 494 1949; x_wconf 84' lang='lat' dir='ltr'>praecipuis</span> <span class='ocrx_word' id='word_1_139' title='bbox 520 1913 552 1941; x_wconf 72' lang='lat' dir='ltr'>et,</span> <span class='ocrx_word' id='word_1_140' title='bbox 578 1912 679 1951; x_wconf 83' lang='lat' dir='ltr'>dignis</span> 
     </span>
     <span class='ocr_line' id='line_1_36' title="bbox 270 1954 634 1996; baseline 0.011 -11"><span class='ocrx_word' id='word_1_141' title='bbox 270 1954 453 1987; x_wconf 77' lang='lat' dir='ltr'>Extollatur</span> <span class='ocrx_word' id='word_1_142' title='bbox 476 1957 634 1996; x_wconf 84' lang='lat' dir='ltr'>laudibus,</span> 
     </span>
     <span class='ocr_line' id='line_1_37' title="bbox 315 2003 684 2044; baseline 0.014 -12"><span class='ocrx_word' id='word_1_143' title='bbox 315 2003 393 2033; x_wconf 82' lang='lat' dir='ltr'>Jesu</span> <span class='ocrx_word' id='word_1_144' title='bbox 417 2005 518 2034; x_wconf 86' lang='lat' dir='ltr'>mater</span> <span class='ocrx_word' id='word_1_145' title='bbox 541 2004 684 2044; x_wconf 86' lang='lat' dir='ltr'>insignis.</span> 
     </span>
     <span class='ocr_line' id='line_1_38' title="bbox 211 2056 629 2099; baseline 0.01 -12"><span class='ocrx_word' id='word_1_146' title='bbox 211 2058 241 2087; x_wconf 85' lang='lat'>2.</span> <span class='ocrx_word' id='word_1_147' title='bbox 267 2056 323 2087; x_wconf 82' lang='lat' dir='ltr'>Fit</span> <span class='ocrx_word' id='word_1_148' title='bbox 346 2065 409 2088; x_wconf 81' lang='lat' dir='ltr'>nox</span> <span class='ocrx_word' id='word_1_149' title='bbox 432 2058 482 2088; x_wconf 89' lang='lat' dir='ltr'>illi</span> <span class='ocrx_word' id='word_1_150' title='bbox 505 2057 629 2099; x_wconf 88' lang='lat' dir='ltr'>flebilis,</span> 
     </span>
     <span class='ocr_line' id='line_1_39' title="bbox 314 2104 627 2138; baseline 0.01 -4"><span class='ocrx_word' id='word_1_151' title='bbox 314 2112 377 2134; x_wconf 77' lang='lat' dir='ltr'>nox</span> <span class='ocrx_word' id='word_1_152' title='bbox 402 2104 494 2136; x_wconf 89' lang='lat' dir='ltr'>nimis</span> <span class='ocrx_word' id='word_1_153' title='bbox 520 2114 627 2138; x_wconf 86' lang='lat' dir='ltr'>amara</span> 
     </span>
     <span class='ocr_line' id='line_1_40' title="bbox 266 2150 674 2191; baseline 0.01 -11"><span class='ocrx_word' id='word_1_154' title='bbox 266 2150 374 2189; x_wconf 81' lang='lat' dir='ltr'>Matri,</span> <span class='ocrx_word' id='word_1_155' title='bbox 401 2152 525 2189; x_wconf 82' lang='lat' dir='ltr'>quando</span> <span class='ocrx_word' id='word_1_156' title='bbox 552 2153 674 2191; x_wconf 79' lang='lat' dir='ltr'>capitur</span> 
     </span>
     <span class='ocr_line' id='line_1_41' title="bbox 312 2197 621 2237; baseline 0.013 -9"><span class='ocrx_word' id='word_1_157' title='bbox 312 2197 419 2236; x_wconf 86' lang='lat' dir='ltr'>proles</span> <span class='ocrx_word' id='word_1_158' title='bbox 446 2198 512 2237; x_wconf 77' lang='lat' dir='ltr'>eJ&#39;us</span> <span class='ocrx_word' id='word_1_159' title='bbox 539 2207 621 2233; x_wconf 84' lang='lat' dir='ltr'>cara.</span> 
     </span>
    </p>
   </div>
   <div class='ocr_carea' id='block_1_20' title="bbox 209 2253 735 2429">
    <p class='ocr_par' dir='ltr' id='par_1_21' title="bbox 209 2253 735 2429">
     <span class='ocr_line' id='line_1_42' title="bbox 209 2253 735 2295; baseline 0.004 -9"><span class='ocrx_word' id='word_1_160' title='bbox 209 2255 239 2286; x_wconf 85' lang='lat'>3.</span> <span class='ocrx_word' id='word_1_161' title='bbox 266 2253 433 2293; x_wconf 81' lang='lat' dir='ltr'>Nunquam</span> <span class='ocrx_word' id='word_1_162' title='bbox 457 2256 578 2295; x_wconf 83' lang='lat' dir='ltr'>martyr</span> <span class='ocrx_word' id='word_1_163' title='bbox 603 2257 735 2295; x_wconf 82' lang='lat' dir='ltr'>pertulit</span> 
     </span>
     <span class='ocr_line' id='line_1_43' title="bbox 312 2302 662 2334; baseline 0.003 -2"><span class='ocrx_word' id='word_1_164' title='bbox 312 2304 376 2332; x_wconf 78' lang='lat' dir='ltr'>tam</span> <span class='ocrx_word' id='word_1_165' title='bbox 402 2302 511 2333; x_wconf 87' lang='lat' dir='ltr'>anxios</span> <span class='ocrx_word' id='word_1_166' title='bbox 538 2302 662 2334; x_wconf 86' lang='lat' dir='ltr'>dolores</span> 
     </span>
     <span class='ocr_line' id='line_1_44' title="bbox 266 2347 521 2380; baseline 0 0"><span class='ocrx_word' id='word_1_167' title='bbox 266 2348 311 2380; x_wconf 86' lang='lat' dir='ltr'>Ut</span> <span class='ocrx_word' id='word_1_168' title='bbox 334 2347 439 2380; x_wconf 86' lang='lat' dir='ltr'>Maria</span> <span class='ocrx_word' id='word_1_169' title='bbox 462 2347 521 2380; x_wconf 87' lang='lat' dir='ltr'>filii</span> 
     </span>
     <span class='ocr_line' id='line_1_45' title="bbox 313 2395 664 2429; baseline 0.009 -3"><span class='ocrx_word' id='word_1_170' title='bbox 313 2395 514 2429; x_wconf 78' lang='lat' dir='ltr'>considerans</span> <span class='ocrx_word' id='word_1_171' title='bbox 539 2396 664 2429; x_wconf 74' lang='lat' dir='ltr'>livores</span> 
     </span>
    </p>
   </div>
   <div class='ocr_carea' id='block_1_21' title="bbox 1085 804 1291 839">
    <p class='ocr_par' dir='ltr' id='par_1_22' title="bbox 1085 804 1291 839">
     <span class='ocr_line' id='line_1_46' title="bbox 1085 804 1291 839; baseline 0.005 -8"><span class='ocrx_word' id='word_1_172' title='bbox 1085 804 1291 839; x_wconf 82' lang='lat' dir='ltr'>Responsoria.</span> 
     </span>
    </p>
   </div>
   <div class='ocr_carea' id='block_1_22' title="bbox 948 860 1379 1227">
    <p class='ocr_par' dir='ltr' id='par_1_23' title="bbox 952 860 1116 892">
     <span class='ocr_line' id='line_1_47' title="bbox 952 860 1116 892; baseline -0.006 0"><span class='ocrx_word' id='word_1_173' title='bbox 952 860 1116 892; x_wconf 87' lang='lat' dir='ltr'>Consolari</span> 
     </span>
    </p>

    <p class='ocr_par' dir='ltr' id='par_1_24' title="bbox 951 908 1320 986">
     <span class='ocr_line' id='line_1_48' title="bbox 996 908 1320 950; baseline 0.003 -12"><span class='ocrx_word' id='word_1_174' title='bbox 996 910 1097 939; x_wconf 84' lang='lat' dir='ltr'>mater</span> <span class='ocrx_word' id='word_1_175' title='bbox 1120 916 1182 939; x_wconf 91' lang='lat' dir='ltr'>non</span> <span class='ocrx_word' id='word_1_176' title='bbox 1207 908 1320 950; x_wconf 85' lang='lat' dir='ltr'>potuit,</span> 
     </span>
     <span class='ocr_line' id='line_1_49' title="bbox 951 954 1194 986; baseline 0 -1"><span class='ocrx_word' id='word_1_177' title='bbox 951 954 1004 986; x_wconf 86' lang='lat' dir='ltr'>Sic</span> <span class='ocrx_word' id='word_1_178' title='bbox 1025 956 1194 986; x_wconf 80' lang='lat' dir='ltr'>tractatum</span> 
     </span>
    </p>

    <p class='ocr_par' dir='ltr' id='par_1_25' title="bbox 948 1001 1379 1079">
     <span class='ocr_line' id='line_1_50' title="bbox 997 1001 1379 1044; baseline 0.003 -12"><span class='ocrx_word' id='word_1_179' title='bbox 997 1001 1118 1040; x_wconf 87' lang='lat' dir='ltr'>videns,</span> <span class='ocrx_word' id='word_1_180' title='bbox 1145 1010 1236 1040; x_wconf 84' lang='lat' dir='ltr'>quem</span> <span class='ocrx_word' id='word_1_181' title='bbox 1261 1003 1379 1044; x_wconf 82' lang='lat' dir='ltr'>genuit,</span> 
     </span>
     <span class='ocr_line' id='line_1_51' title="bbox 948 1047 1173 1079; baseline 0 -1"><span class='ocrx_word' id='word_1_182' title='bbox 948 1047 1031 1079; x_wconf 89' lang='lat' dir='ltr'>Fere</span> <span class='ocrx_word' id='word_1_183' title='bbox 1052 1050 1173 1079; x_wconf 77' lang='lat' dir='ltr'>tantum</span> 
     </span>
    </p>

    <p class='ocr_par' dir='ltr' id='par_1_26' title="bbox 952 1094 1282 1180">
     <span class='ocr_line' id='line_1_52' title="bbox 997 1094 1282 1137; baseline 0.004 -12"><span class='ocrx_word' id='word_1_184' title='bbox 997 1094 1137 1126; x_wconf 84' lang='lat' dir='ltr'>dolorem</span> <span class='ocrx_word' id='word_1_185' title='bbox 1160 1094 1282 1137; x_wconf 86' lang='lat' dir='ltr'>habuit,</span> 
     </span>
     <span class='ocr_line' id='line_1_53' title="bbox 952 1141 1196 1180; baseline 0.004 -9"><span class='ocrx_word' id='word_1_186' title='bbox 952 1141 1107 1180; x_wconf 80' lang='lat' dir='ltr'>Quantum</span> <span class='ocrx_word' id='word_1_187' title='bbox 1132 1141 1196 1180; x_wconf 88' lang='lat' dir='ltr'>ille,</span> 
     </span>
    </p>

    <p class='ocr_par' dir='ltr' id='par_1_27' title="bbox 997 1188 1304 1227">
     <span class='ocr_line' id='line_1_54' title="bbox 997 1188 1304 1227; baseline 0.003 -9"><span class='ocrx_word' id='word_1_188' title='bbox 997 1188 1051 1227; x_wconf 90' lang='lat' dir='ltr'>qui</span> <span class='ocrx_word' id='word_1_189' title='bbox 1075 1190 1123 1218; x_wconf 79' lang='lat' dir='ltr'>tot</span> <span class='ocrx_word' id='word_1_190' title='bbox 1146 1188 1304 1226; x_wconf 80' lang='lat' dir='ltr'>sustinuit,</span> 
     </span>
    </p>
   </div>
   <div class='ocr_carea' id='block_1_23' title="bbox 876 1234 1168 1265">
    <p class='ocr_par' dir='ltr' id='par_1_28' title="bbox 876 1234 1168 1265">
     <span class='ocr_line' id='line_1_55' title="bbox 876 1234 1168 1265; baseline 0 0"><span class='ocrx_word' id='word_1_191' title='bbox 876 1234 915 1265; x_wconf 93' lang='lat' dir='ltr'>V.</span> <span class='ocrx_word' id='word_1_192' title='bbox 946 1234 1082 1265; x_wconf 87' lang='lat' dir='ltr'>Mortem</span> <span class='ocrx_word' id='word_1_193' title='bbox 1106 1234 1168 1265; x_wconf 85' lang='lat' dir='ltr'>Dei</span> 
     </span>
    </p>
   </div>
   <div class='ocr_carea' id='block_1_24' title="bbox 947 1281 1348 1413">
    <p class='ocr_par' dir='ltr' id='par_1_29' title="bbox 947 1281 1348 1413">
     <span class='ocr_line' id='line_1_56' title="bbox 992 1281 1348 1323; baseline 0 -10"><span class='ocrx_word' id='word_1_194' title='bbox 992 1281 1115 1323; x_wconf 86' lang='lat' dir='ltr'>videns,</span> <span class='ocrx_word' id='word_1_195' title='bbox 1143 1290 1234 1320; x_wconf 86' lang='lat' dir='ltr'>quem</span> <span class='ocrx_word' id='word_1_196' title='bbox 1259 1282 1348 1321; x_wconf 84' lang='lat' dir='ltr'>aluit,</span> 
     </span>
     <span class='ocr_line' id='line_1_57' title="bbox 947 1326 1170 1359; baseline 0.004 -1"><span class='ocrx_word' id='word_1_197' title='bbox 947 1326 1046 1358; x_wconf 84' lang='lat' dir='ltr'>Nulla</span> <span class='ocrx_word' id='word_1_198' title='bbox 1069 1330 1170 1359; x_wconf 85' lang='lat' dir='ltr'>mater</span> 
     </span>
     <span class='ocr_line' id='line_1_58' title="bbox 992 1375 1336 1413; baseline 0.003 -8"><span class='ocrx_word' id='word_1_199' title='bbox 992 1383 1129 1413; x_wconf 82' lang='lat' dir='ltr'>unquam</span> <span class='ocrx_word' id='word_1_200' title='bbox 1154 1375 1200 1405; x_wconf 90' lang='lat' dir='ltr'>sie</span> <span class='ocrx_word' id='word_1_201' title='bbox 1228 1375 1336 1406; x_wconf 79' lang='lat' dir='ltr'>doluit.</span> 
     </span>
    </p>
   </div>
   <div class='ocr_carea' id='block_1_25' title="bbox 1003 1467 1364 1501">
    <p class='ocr_par' dir='ltr' id='par_1_30' title="bbox 1003 1467 1364 1501">
     <span class='ocr_line' id='line_1_59' title="bbox 1003 1467 1364 1501; baseline 0.008 -3"><span class='ocrx_word' id='word_1_202' title='bbox 1003 1467 1049 1498; x_wconf 88' lang='lat' dir='ltr'>In</span> <span class='ocrx_word' id='word_1_203' title='bbox 1076 1469 1106 1500; x_wconf 85' lang='lat'>2.</span> <span class='ocrx_word' id='word_1_204' title='bbox 1132 1467 1364 1501; x_wconf 79' lang='lat' dir='ltr'>Nocturno.</span> 
     </span>
    </p>
   </div>
   <div class='ocr_carea' id='block_1_26' title="bbox 1094 1541 1287 1577">
    <p class='ocr_par' dir='ltr' id='par_1_31' title="bbox 1094 1541 1287 1577">
     <span class='ocr_line' id='line_1_60' title="bbox 1094 1541 1287 1577; baseline 0 -9"><span class='ocrx_word' id='word_1_205' title='bbox 1094 1541 1287 1577; x_wconf 79' lang='lat' dir='ltr'>Antiphonae.</span> 
     </span>
    </p>
   </div>
   <div class='ocr_carea' id='block_1_27' title="bbox 888 1596 1408 1775">
    <p class='ocr_par' dir='ltr' id='par_1_32' title="bbox 888 1596 1408 1775">
     <span class='ocr_line' id='line_1_61' title="bbox 888 1596 1347 1638; baseline 0.004 -9"><span class='ocrx_word' id='word_1_206' title='bbox 888 1598 917 1629; x_wconf 86' lang='lat'>1.</span> <span class='ocrx_word' id='word_1_207' title='bbox 946 1596 1016 1627; x_wconf 79' lang='lat' dir='ltr'>Stat</span> <span class='ocrx_word' id='word_1_208' title='bbox 1040 1598 1146 1629; x_wconf 87' lang='lat' dir='ltr'>Maria</span> <span class='ocrx_word' id='word_1_209' title='bbox 1166 1602 1269 1630; x_wconf 85' lang='lat' dir='ltr'>mater</span> <span class='ocrx_word' id='word_1_210' title='bbox 1293 1600 1347 1638; x_wconf 89' lang='lat' dir='ltr'>pia</span> 
     </span>
     <span class='ocr_line' id='line_1_62' title="bbox 992 1642 1378 1688; baseline 0.01 -14"><span class='ocrx_word' id='word_1_211' title='bbox 992 1642 1070 1675; x_wconf 88' lang='lat' dir='ltr'>foris</span> <span class='ocrx_word' id='word_1_212' title='bbox 1095 1645 1226 1684; x_wconf 89' lang='lat' dir='ltr'>plorans</span> <span class='ocrx_word' id='word_1_213' title='bbox 1251 1647 1378 1688; x_wconf 83' lang='lat' dir='ltr'>aeriter,</span> 
     </span>
     <span class='ocr_line' id='line_1_63' title="bbox 943 1690 1386 1730; baseline 0.011 -10"><span class='ocrx_word' id='word_1_214' title='bbox 943 1690 1062 1730; x_wconf 81' lang='lat' dir='ltr'>Regem</span> <span class='ocrx_word' id='word_1_215' title='bbox 1086 1692 1197 1723; x_wconf 91' lang='lat' dir='ltr'>mundi</span> <span class='ocrx_word' id='word_1_216' title='bbox 1221 1691 1386 1725; x_wconf 85' lang='lat' dir='ltr'>furibundi</span> 
     </span>
     <span class='ocr_line' id='line_1_64' title="bbox 992 1737 1408 1775; baseline 0.012 -6"><span class='ocrx_word' id='word_1_217' title='bbox 992 1737 1065 1769; x_wconf 91' lang='lat' dir='ltr'>dum</span> <span class='ocrx_word' id='word_1_218' title='bbox 1091 1741 1267 1771; x_wconf 75' lang='lat' dir='ltr'>tractarent</span> <span class='ocrx_word' id='word_1_219' title='bbox 1292 1740 1408 1775; x_wconf 83' lang='lat' dir='ltr'>viliter.</span> 
     </span>
    </p>
   </div>
   <div class='ocr_carea' id='block_1_28' title="bbox 883 1794 1349 2170">
    <p class='ocr_par' dir='ltr' id='par_1_33' title="bbox 883 1794 1349 2170">
     <span class='ocr_line' id='line_1_65' title="bbox 884 1794 1335 1838; baseline 0.007 -12"><span class='ocrx_word' id='word_1_220' title='bbox 884 1796 915 1826; x_wconf 86' lang='lat'>2.</span> <span class='ocrx_word' id='word_1_221' title='bbox 942 1795 1004 1826; x_wconf 87' lang='lat' dir='ltr'>Per</span> <span class='ocrx_word' id='word_1_222' title='bbox 1029 1794 1153 1827; x_wconf 87' lang='lat' dir='ltr'>Mariae</span> <span class='ocrx_word' id='word_1_223' title='bbox 1176 1796 1335 1838; x_wconf 81' lang='lat' dir='ltr'>lacrimas,</span> 
     </span>
     <span class='ocr_line' id='line_1_66' title="bbox 990 1843 1245 1883; baseline 0.012 -11"><span class='ocrx_word' id='word_1_224' title='bbox 990 1844 1082 1880; x_wconf 83' lang='lat' dir='ltr'>pater</span> <span class='ocrx_word' id='word_1_225' title='bbox 1105 1843 1245 1883; x_wconf 88' lang='lat' dir='ltr'>pietatis,</span> 
     </span>
     <span class='ocr_line' id='line_1_67' title="bbox 942 1888 1333 1930; baseline 0.008 -11"><span class='ocrx_word' id='word_1_226' title='bbox 942 1888 1042 1919; x_wconf 86' lang='lat' dir='ltr'>Nobis</span> <span class='ocrx_word' id='word_1_227' title='bbox 1069 1897 1175 1920; x_wconf 85' lang='lat' dir='ltr'>veram</span> <span class='ocrx_word' id='word_1_228' title='bbox 1200 1891 1333 1930; x_wconf 87' lang='lat' dir='ltr'>gloriam</span> 
     </span>
     <span class='ocr_line' id='line_1_68' title="bbox 991 1934 1330 1969; baseline 0.012 -4"><span class='ocrx_word' id='word_1_229' title='bbox 991 1934 1100 1966; x_wconf 89' lang='lat' dir='ltr'>confer</span> <span class='ocrx_word' id='word_1_230' title='bbox 1126 1945 1195 1967; x_wconf 88' lang='lat' dir='ltr'>cum</span> <span class='ocrx_word' id='word_1_231' title='bbox 1219 1937 1330 1969; x_wconf 82' lang='lat' dir='ltr'>beatis.</span> 
     </span>
     <span class='ocr_line' id='line_1_69' title="bbox 883 1990 1287 2032; baseline 0.007 -12"><span class='ocrx_word' id='word_1_232' title='bbox 883 1992 915 2023; x_wconf 80' lang='lat'>3.</span> <span class='ocrx_word' id='word_1_233' title='bbox 938 1990 1011 2029; x_wconf 84' lang='lat' dir='ltr'>Eja,</span> <span class='ocrx_word' id='word_1_234' title='bbox 1037 1991 1127 2022; x_wconf 85' lang='lat' dir='ltr'>nobis</span> <span class='ocrx_word' id='word_1_235' title='bbox 1152 1992 1287 2032; x_wconf 87' lang='lat' dir='ltr'>miseris,</span> 
     </span>
     <span class='ocr_line' id='line_1_70' title="bbox 987 2035 1287 2079; baseline 0.007 -11"><span class='ocrx_word' id='word_1_236' title='bbox 987 2035 1143 2077; x_wconf 85' lang='lat' dir='ltr'>virginum</span> <span class='ocrx_word' id='word_1_237' title='bbox 1167 2039 1287 2079; x_wconf 82' lang='lat' dir='ltr'>regina,</span> 
     </span>
     <span class='ocr_line' id='line_1_71' title="bbox 941 2082 1349 2118; baseline 0.012 -5"><span class='ocrx_word' id='word_1_238' title='bbox 941 2083 1056 2114; x_wconf 89' lang='lat' dir='ltr'>Tecum</span> <span class='ocrx_word' id='word_1_239' title='bbox 1078 2082 1177 2116; x_wconf 89' lang='lat' dir='ltr'>flendi</span> <span class='ocrx_word' id='word_1_240' title='bbox 1200 2086 1349 2118; x_wconf 86' lang='lat' dir='ltr'>lacrimas</span> 
     </span>
     <span class='ocr_line' id='line_1_72' title="bbox 988 2130 1273 2170; baseline 0.007 -9"><span class='ocrx_word' id='word_1_241' title='bbox 988 2130 1102 2161; x_wconf 89' lang='lat' dir='ltr'>uberes</span> <span class='ocrx_word' id='word_1_242' title='bbox 1127 2132 1273 2170; x_wconf 90' lang='lat' dir='ltr'>propina.</span> 
     </span>
    </p>
   </div>
   <div class='ocr_carea' id='block_1_29' title="bbox 1078 2205 1282 2240">
    <p class='ocr_par' dir='ltr' id='par_1_34' title="bbox 1078 2205 1282 2240">
     <span class='ocr_line' id='line_1_73' title="bbox 1078 2205 1282 2240; baseline 0.005 -9"><span class='ocrx_word' id='word_1_243' title='bbox 1078 2205 1282 2240; x_wconf 83' lang='lat' dir='ltr'>Responsoria.</span> 
     </span>
    </p>
   </div>
   <div class='ocr_carea' id='block_1_30' title="bbox 886 2260 1322 2444">
    <p class='ocr_par' dir='ltr' id='par_1_35' title="bbox 886 2260 1322 2444">
     <span class='ocr_line' id='line_1_74' title="bbox 886 2260 1322 2302; baseline 0.007 -10"><span class='ocrx_word' id='word_1_244' title='bbox 886 2261 915 2292; x_wconf 91' lang='lat'>1.</span> <span class='ocrx_word' id='word_1_245' title='bbox 941 2260 1024 2291; x_wconf 89' lang='lat' dir='ltr'>Dum</span> <span class='ocrx_word' id='word_1_246' title='bbox 1050 2261 1140 2292; x_wconf 82' lang='lat' dir='ltr'>videt</span> <span class='ocrx_word' id='word_1_247' title='bbox 1163 2263 1322 2302; x_wconf 87' lang='lat' dir='ltr'>supplicia</span> 
     </span>
     <span class='ocr_line' id='line_1_75' title="bbox 987 2307 1278 2350; baseline 0.014 -13"><span class='ocrx_word' id='word_1_248' title='bbox 987 2307 1086 2346; x_wconf 90' lang='lat' dir='ltr'>prolis</span> <span class='ocrx_word' id='word_1_249' title='bbox 1112 2309 1278 2350; x_wconf 80' lang='lat' dir='ltr'>exquisita,</span> 
     </span>
     <span class='ocr_line' id='line_1_76' title="bbox 939 2354 1288 2396; baseline 0.014 -12"><span class='ocrx_word' id='word_1_250' title='bbox 939 2354 1117 2393; x_wconf 79' lang='lat' dir='ltr'>Torquetur</span> <span class='ocrx_word' id='word_1_251' title='bbox 1142 2357 1288 2396; x_wconf 84' lang='lat' dir='ltr'>angustia</span> 
     </span>
     <span class='ocr_line' id='line_1_77' title="bbox 986 2401 1246 2444; baseline 0.015 -13"><span class='ocrx_word' id='word_1_252' title='bbox 986 2403 1088 2432; x_wconf 86' lang='lat' dir='ltr'>mater</span> <span class='ocrx_word' id='word_1_253' title='bbox 1111 2401 1246 2444; x_wconf 80' lang='lat' dir='ltr'>infinita,</span> 
     </span>
    </p>
   </div>
  </div>
 </body>
</html>
