1652 2615
709 134 963 168 -225—

258 225 436 257 Geminiani
461 228 616 265 praesulis

257 272 380 304 Ornans
408 273 490 304 diem
515 273 675 306 miraculis

307 319 370 350 Per
394 319 525 351 laticum
549 320 714 360 liquorem.

1003 249 1050 280 In
1077 250 1107 280 2.
1137 247 1350 288 Vesperis.

1078 340 1273 376 Antiphonae.

197 388 227 418 2.
256 387 346 426 Quod
372 388 457 421 Deus
482 390 552 429 ipse
575 391 728 423 Dominus

257 434 315 475 Sit,
341 436 432 474 plebs
459 438 605 476 cognovit
628 437 782 477 protinus,
880 416 909 449 1·
935 416 1019 447 Hffic
1040 416 1133 457 proli,
1162 416 1224 446 dUX
1249 415 1331 446 alme
1355 416 1431 454 poli,

981 470 1129 494 succurre
1153 462 1306 502 precanti,

936 510 1084 549 Optatam
1108 508 1263 549 praebere
1287 511 1401 540 statum

981 556 1111 596 dignare
1136 556 1271 595 vaganti.

301 482 384 513 Dum
410 482 492 515 festo
516 483 706 516 Mutinensis

257 529 425 562 Exsistens
447 531 481 562 in
505 530 647 569 basilica,

258 575 357 614 Quam
381 585 455 608 mox
476 578 601 609 invadit
623 577 720 609 latica

304 622 452 655 procella
476 626 541 654 tam
564 624 736 657 immenSiS·
876 639 907 671 2.
935 640 1017 671 Pace
1042 637 1106 670 frui
1129 648 1186 670 nos
1210 640 1290 671 urbe
1314 639 1360 670 tui

199 693 229 724 3.
257 690 475 725 Confiteantur
496 695 607 733 populi
979 684 1032 716 fac
1060 686 1246 725 Geminiani,

253 738 337 780 Tibi,
365 739 463 781 Deus,
491 741 571 772 dans
595 741 736 780 praesuli
932 732 1088 764 Maeroris
1114 735 1175 763 stet
1201 741 1342 772 quaeque
1365 731 1443 765 foris

301 785 467 826 Signorum
495 787 680 827 claritatem,
983 779 1143 811 discordia
1167 780 1251 814 vani.

253 832 337 864 Dum
362 842 462 874 aquae
484 833 670 866 fluxibilitas

255 880 326 912 Stat
349 883 383 911 ut
408 881 491 912 muri
516 881 673 913 stabilitas

302 927 375 959 Non
399 929 524 960 intrans
551 929 722 962 civitatem.

879 865 910 896 3.
936 863 1106 895 Mordaces
1130 868 1298 902 prosterne
1322 861 1409 894 faces

982 919 1089 941 omnes
1115 910 1272 948 vitiorum,

936 957 1080 989 Lustrari
1102 957 1220 989 virtute
1243 956 1315 996 pari

188 996 220 1028 4.
247 996 443 1037 BGHOdf-Cste,
468 995 606 1041 flumina,
983 1004 1024 1035 da
1049 1004 1145 1035 corda
1168 1003 1316 1035 virorum.

255 1043 367 1082 Deum,
396 1044 537 1083 caelique
560 1045 700 1083 numina,

299 1091 359 1130 Qui
386 1092 441 1123 dat
460 1091 551 1122 vobis
575 1092 734 1128 virtutem,
876 1090 906 1119 4.
934 1087 992 1125 Qui
1009 1094 1115 1118 coram
1131 1089 1173 1128 te,
1201 1086 1334 1123 Christe,
1360 1095 1481 1118 moram

253 1137 299 1169 Ut
322 1146 383 1170 non
410 1137 542 1177 possitis
566 1137 674 1176 fluere,
980 1132 1088 1172 trahit,
1114 1133 1169 1164 ille
1190 1133 1311 1172 beatus,

251 1183 315 1216 Sed
342 1185 474 1224 quisque
498 1193 553 1216 vos
579 1192 737 1216 assumere
933 1180 1074 1221 Praesul,
1100 1179 1146 1211 ibi
1170 1180 1213 1210 sit
1237 1189 1313 1212 cura
1335 1179 1395 1211 tibi

300 1232 405 1263 Possit
429 1232 471 1263 ad
496 1232 689 1263 servitutem.
978 1227 1078 1258 nostri
1103 1225 1284 1259 famulatus,

194 1301 226 1334 5-
252 1301 290 1332 In
315 1302 434 1333 sanetis
461 1302 528 1342 erS
553 1302 722 1334 DOminUffl
874 1312 906 1343 5.
933 1311 1059 1343 Felices
1083 1314 1118 1342 ut
1142 1311 1174 1342 in
1201 1311 1278 1342 orbe
1304 1311 1388 1342 vices

252 1348 367 1380 Coetus
390 1349 500 1381 laudet,
524 1347 676 1387 fidelium,
978 1358 1045 1389 sine
1068 1359 1126 1389 lite
1149 1366 1326 1397 sequamur,

299 1395 359 1447 (ἂι-Π
383 1404 479 1435 prece
504 1395 692 1427 GODfRSSOfiS
934 1405 990 1436 Cui
1015 1408 1103 1444 grato
1128 1413 1201 1435 mox
1225 1405 1289 1436 fine
1314 1405 1387 1437 dato

252 1442 359 1473 Vertit
382 1445 499 1474 metum
527 1442 743 1474 discriminum
979 1460 1074 1491 super
1099 1454 1185 1483 astra
1209 1451 1357 1483 feramur·

250 1488 414 1528 Aquamm
438 1489 658 1521 inundantium

300 1536 339 1568 In
360 1536 496 1574 jubilum
522 1536 648 1568 amoris,
1043 1564 1089 1591 Ad
1109 1562 1286 1598 Mag-nificat.

366 1628 412 1656 Ad
430 1628 614 1656 Benedictus.
859 1639 900 1672 A.
932 1641 1009 1681 Ave7
1036 1639 1134 1679 sidus,
1161 1642 1259 1670 nauta
1282 1638 1375 1677 fidus,

177 1685 219 1718 A.
251 1685 352 1716 Stella
375 1683 475 1725 fulget
499 1686 532 1716 in
557 1686 683 1722 nebula,
978 1685 1088 1725 Navis,
1115 1688 1225 1725 portus
1248 1684 1399 1727 laetitiae,

297 1731 381 1763 Dum
404 1731 486 1772 fugit
513 1732 711 1772 Ungarorum
933 1733 996 1764 Per
1020 1732 1080 1764 hoc
1104 1741 1249 1772 magnum
1275 1731 1373 1763 saecli
1396 1734 1480 1771 stag-

252 1778 338 1811 Gens
363 1777 471 1811 furens
496 1779 565 1811 visa
592 1779 715 1818 cellula,
1256 1788 1330 1810 num

300 1826 377 1858 Flos
401 1827 434 1858 in
460 1835 522 1866 qua
547 1825 762 1858 confessorum
978 1827 1007 1857 A
1031 1827 1139 1866 pirata
1162 1827 1320 1866 nequitiae

251 1872 455 1905 Geminianus
484 1874 620 1913 parvula
932 1872 999 1904 Nos
1026 1876 1124 1913 tuere,
1152 1881 1280 1905 consors
1305 1881 1409 1913 verae,

297 1919 368 1952 Lux
392 1921 541 1952 humatur
566 1921 620 1961 qui
645 1929 777 1959 morum,
981 1920 1175 1962 Geminiane,
1202 1921 1332 1961 gloriae,

250 1968 305 2000 Sic
327 1976 400 2000 mox
425 1969 540 2000 illaesa
562 1968 688 2008 singula
932 1968 1071 2007 Postque
1086 1971 1218 1999 mortem
1238 1968 1300 2000 duc
1311 1967 1349 1999 ad
1364 1970 1481 2000 sortem

294 2015 406 2055 Liquit
427 2024 503 2056 gens
529 2014 732 2054 perfidorum.
978 2015 1080 2055 Regni
1107 2015 1252 2047 caelestis
1278 2015 1393 2048 curiae.

252 2110 338 2137 BreV.
361 2118 415 2137 ms.
435 2109 603 2137 Mutinense
624 2110 694 2136 anni
716 2107 797 2137 1476.
839 2108 909 2136 Cnd.
932 2108 1026 2144 Capit.
1047 2109 1189 2137 Mutinen.
1211 2109 1234 2137 O
1255 2110 1270 2137 Ι
1289 2110 1316 2137 N
1339 2107 1363 2135 1.
1385 2124 1421 2128 —
1440 2109 1484 2136 In

178 2146 203 2175 1.
237 2149 341 2183 Vesp.
369 2148 407 2176 ad
432 2148 531 2184 Magn-
559 2146 597 2182 Α,
627 2146 647 2175 4
672 2148 802 2175 Divinae
825 2147 1010 2175 calamitatis.
1038 2162 1074 2165 —
1099 2148 1143 2175 In
1171 2145 1194 2174 1.
1223 2148 1324 2175 Noct.
1353 2144 1375 2172 Α
1405 2145 1434 2180 1,
1465 2144 1483 2172 2

176 2185 344 2214 Geminiani
363 2187 485 2214 numini.
504 2200 538 2204 ——
554 2184 576 2212 Α
598 2184 623 2220 3,
647 2183 662 2212 1
676 2184 807 2213 Jobiani.
828 2199 863 2203 —
880 2183 900 2211 R
924 2183 948 2219 1,
970 2183 987 2212 6
1006 2185 1154 2218 verderbt3
1176 2185 1244 2213 lies:
1265 2186 1333 2213 Non
1352 2184 1482 2212 desinam

175 2224 310 2251 saevire?
329 2237 366 2242 -
390 2222 411 2250 R
434 2222 463 2257 1,
485 2223 502 2250 7
522 2223 597 2251 Nisi.
618 2239 656 2243 ——
679 2221 698 2249 Β
719 2222 750 2257 2,
774 2221 788 2250 1
810 2222 939 2251 Jobiani.
962 2237 1001 2242 —
1021 2223 1063 2250 In
1083 2222 1109 2250 2.
1129 2224 1230 2250 Noet.
1253 2220 1273 2248 R
1293 2220 1324 2255 2,
1346 2219 1363 2248 5
1383 2223 1483 2250 Risum

175 2262 313 2297 stirpans.
337 2276 375 2280 —
396 2260 416 2288 R
441 2260 468 2295 1,
498 2260 515 2288 5
535 2261 644 2289 Facere
663 2261 819 2298 flagellum.
841 2275 878 2280 -
901 2259 920 2287 R
942 2259 968 2295 3,
991 2259 1025 2288 16
1048 2261 1095 2289 Sit
1113 2260 1193 2288 fehlt.
1215 2274 1251 2279 —
1270 2260 1314 2288 In
1333 2257 1360 2286 3.
1379 2260 1480 2287 Noct.

176 2297 198 2326 Β
228 2299 257 2332 1,
283 2297 301 2326 2
329 2299 384 2327 lies
407 2302 505 2327 nitens
529 2300 582 2327 in?
611 2315 648 2319 —
667 2299 708 2326 In
726 2299 836 2327 Laud.
859 2297 880 2325 Α
904 2297 933 2331 1,
961 2298 975 2326 1
995 2299 1120 2335 virginis
1138 2297 1226 2325 filius.
1246 2314 1284 2317 —
1303 2297 1399 2325 Hiezu
1419 2298 1479 2325 drei

174 2338 326 2372 Hymnen3
347 2338 396 2365 cfr.
419 2338 503 2366 Anal.
527 2337 621 2371 XXII,
646 2334 700 2364 112
720 2346 762 2373 sq.

232 2389 252 2411 D
261 2394 355 2413 reves,
378 2388 501 2414 Historiae
515 2388 669 2417 rhythmicae.
699 2387 741 2411 IV.
1278 2380 1312 2410 15
