1652 2615
208 196 240 228 5.
267 195 412 236 Protege‚
440 197 566 230 Christe
586 202 673 243 Jesu,

314 242 513 276 damnandae
535 248 646 279 mortis
672 249 711 281 ab
729 254 811 294 actu,

263 287 417 321 Tumham
448 291 563 331 quique
588 296 673 326 tuam

310 343 497 369 veneramur
522 339 670 373 laudibus
695 346 812 382 aptam.

188 390 228 422 R.
253 390 398 435 Exsulta,
418 393 503 434 Sion,

309 439 383 478 quia
395 440 557 479 gaudebat
567 446 657 475 vetus
668 445 810 486 Hebron,

261 485 419 518 Claudens
452 496 524 520 ossa
548 491 643 522 trium

295 532 431 566 Domino
456 538 641 573 praestante
659 539 808 581 virorum,

260 578 382 618 Corpus
409 580 478 612 sola
501 584 554 613 tuo

305 625 425 658 Christi
449 635 519 659 eum
538 628 687 662 clauseris
705 634 809 665 antro.

186 672 223 704 V.
254 673 279 705 Ο
305 672 426 705 Christi
450 674 560 706 tumba

303 722 449 751 contactu
474 721 679 766 sanctificata,

254 766 332 798 Mox
359 767 476 798 virtute
501 771 556 800 tua

300 814 480 846 benedicito
506 824 640 856 corpora
664 821 782 851 nostra.

253 861 365 893 Gloria
389 861 431 892 sit
455 863 550 901 patri,

301 911 411 940 sancto
438 917 505 940 cum
524 914 693 949 pneumate
708 912 801 954 proli,

250 955 325 988 Una
349 954 462 995 quibus
488 956 625 997 bonitas,

297 1002 471 1042 sapientia,
498 1012 620 1035 summa
642 1005 803 1043 majestas.

373 1093 419 1121 Ad
438 1094 617 1131 Magnificat.

249 1151 287 1184 In
315 1150 444 1183 brachio
468 1152 570 1190 patris
596 1156 644 1183 est

296 1197 382 1230 facta
407 1199 550 1238 potentia
575 1198 677 1242 fortis,

248 1245 394 1277 Mortuus
418 1248 454 1276 ut
474 1245 615 1278 tumbam

293 1292 557 1332 praecondiretur
580 1294 613 1325 in
640 1294 764 1333 almam,

247 1340 307 1379 Qui
330 1340 429 1371 vitam
454 1340 550 1371 caelis

293 1387 391 1418 vitam
415 1388 519 1427 potuit
545 1387 622 1419 dare
644 1387 749 1427 terris,

245 1433 292 1467 Ut
313 1433 468 1466 Dominus
492 1434 637 1474 patribus

292 1480 456 1513 Abraham
482 1480 543 1512 fuit
567 1484 641 1513 ante
661 1481 795 1514 locutus,

266 1584 328 1617 Ad
354 1584 695 1624 Completorium.

357 1659 450 1695 Super
469 1658 612 1687 Psalmos.

168 1718 210 1749 A.
242 1717 375 1750 Samson
400 1726 440 1749 ex
464 1716 566 1749 turbis

287 1767 399 1804 portas
424 1764 455 1796 vi
478 1763 612 1796 abstulit
634 1763 733 1804 urbis,

240 1812 340 1851 Quem
361 1812 445 1852 lapis
470 1810 586 1843 intexit

285 1859 419 1899 propria
444 1859 475 1890 vi
501 1858 548 1890 sic
572 1857 665 1891 Jesus
691 1857 766 1890 exit.

337 1953 383 1980 Ad
401 1953 488 1981 Nunc
507 1952 639 1980 dimittis.

167 2013 207 2045 A.
238 2012 385 2051 Propter,
413 2010 548 2054 Christe,
574 2013 662 2042 tuum

285 2066 361 2099 rege
394 2067 450 2090 nos
483 2059 544 2090 hac
568 2061 661 2089 nocte
686 2058 791 2097 sepul-

565 2105 685 2137 chrum.

1000 207 1059 239 Ad
1084 206 1198 239 Matu
1211 207 1272 239 tin
1284 217 1352 242 um.

1070 291 1285 319 Invitatorium.

939 357 999 397 En,
1026 357 1146 398 mortis,
1172 357 1257 389 vitae

985 405 1052 444 regi
1073 404 1211 443 jubilare
1231 405 1346 447 venite,

939 451 1085 483 Mortuus
1107 451 1141 483 in
1165 460 1256 483 sacro

984 499 1140 538 requievit
1164 502 1196 529 et
1217 499 1288 538 ipse
1304 499 1482 539 sepulchro.

992 635 1037 668 In
1064 637 1094 670 1.
1119 637 1349 672 Nocturno.

1080 720 1274 756 Antiphonae.

867 787 898 819 1.
925 786 1045 827 Crypta
1068 787 1139 827 Dei,
1165 788 1263 828 salve,

971 834 1073 865 dulcis
1101 842 1198 874 super
1222 835 1327 866 omnia
1352 835 1481 875 Christi,

921 881 1056 920 Protege
1080 889 1148 921 nos,
1176 881 1273 921 salva,

967 935 1024 959 nos
1049 927 1160 967 dirige,
1188 928 1318 959 crimine
1343 929 1444 963 calva.

862 1013 893 1044 2.
919 1011 964 1043 Et
986 1020 1045 1051 per
1069 1012 1218 1043 virtutem

966 1059 1085 1091 Christi
1109 1062 1143 1089 tu
1168 1058 1269 1092 redde
1294 1059 1437 1100 salutem,

917 1105 956 1137 In
980 1109 1013 1136 te
1038 1105 1091 1145 qui
1112 1104 1224 1147 jacuit,

965 1152 998 1183 in
1024 1155 1056 1183 te
1079 1152 1133 1191 qui
1157 1155 1258 1183 morte
1283 1153 1410 1192 quievit.

858 1237 888 1268 3.
915 1235 992 1276 Nos,
1018 1237 1071 1276 qui
1095 1238 1127 1268 te
1152 1237 1293 1276 laudant,

963 1283 1075 1323 libera,
1105 1292 1145 1315 ne
1168 1286 1270 1315 morte
1295 1285 1434 1317 secunda

915 1330 1054 1362 Damnet
1078 1330 1158 1370 Styx
1183 1334 1262 1369 atra,

961 1378 1087 1417 spirans
1110 1387 1131 1409 a
1156 1378 1287 1409 crimine
1311 1377 1437 1410 munda.

1056 1480 1261 1516 Responsoria.

869 1547 898 1580 1.
924 1546 985 1586 En,
1013 1547 1130 1579 Christi
1150 1547 1303 1579 tumulum

973 1593 1093 1634 Joseph
1119 1595 1256 1626 cisterna
1280 1593 1405 1634 figurat,

925 1640 1057 1680 Excipit
1079 1641 1163 1673 hune
1188 1641 1297 1681 Judas,

972 1688 1104 1728 propria
1127 1688 1157 1719 vi
1182 1688 1325 1720 Christus
1347 1688 1474 1728 abibat;

851 1734 889 1767 V.
924 1734 1021 1766 Vivus
1045 1735 1102 1766 ille
1125 1735 1225 1775 vadit,

968 1782 1040 1821 pius
1065 1782 1117 1813 hic
1140 1791 1160 1813 a
1183 1785 1285 1814 morte
1309 1784 1456 1824 resurgit.

862 1868 894 1900 2.
919 1865 1050 1899 Deferri
1079 1875 1192 1907 corpus

967 1915 1098 1947 mandat
1114 1915 1233 1955 Joseph
1256 1915 1296 1947 ab
1313 1917 1471 1956 Aegypto,

920 1961 1033 1994 Patres
1059 1962 1143 1994 circ-a
1167 1971 1240 1994 suos

967 2009 1133 2041 claudatur
1157 2013 1192 2041 ut
1216 2009 1271 2042 ille
1291 2009 1468 2050 sepulchro,

849 2058 888 2090 V.
918 2055 965 2089 Ut
988 2059 1136 2097 surgente
1162 2057 1229 2089 Deo

969 2113 1039 2135 eum
1052 2103 1178 2136 Christo
1190 2107 1300 2145 surgat
1311 2104 1351 2136 ab
1365 2107 1466 2137 antro.

244 2210 327 2235 BreV.
347 2216 401 2235 ωε.
418 2207 665 2235 Wratislaviense
685 2215 759 2234 saec.
784 2204 828 2234 15.
862 2206 933 2235 Cori.
955 2206 1042 2234 Civit.
1062 2207 1194 2234 Wratisl.
1204 2207 1237 2234 M
1258 2204 1339 2234 1155.
1359 2220 1396 2225 —
1412 2207 1471 2234 Der

166 2247 242 2274 Rest
267 2246 317 2273 des
338 2245 489 2274 Officiums
509 2246 550 2272 ist
569 2244 661 2272 leider
680 2246 878 2280 ausgerissen3
899 2245 931 2271 in
951 2244 1061 2272 andern
1080 2244 1310 2272 Handrehriften
1329 2245 1399 2272 aber
1420 2245 1470 2272 bin

165 2284 215 2311 ich
234 2284 401 2312 demselben
421 2283 504 2311 nieht
522 2282 631 2310 wieder
650 2283 802 2318 begegnet.
