1652 2615
713 133 966 158 -zssz—

267 219 394 252 Crudeli
415 218 502 252 ferae
526 218 639 252 subicit

265 266 310 298 Et
332 276 440 299 sanum
466 270 550 299 stare
574 267 726 305 conspicit

311 315 340 344 A
371 313 440 344 dira
463 316 563 345 mo1te
588 313 735 344 exsulem.

231 402 237 408 .
263 378 388 409 Laudes
412 382 515 408 mente
539 377 647 408 humili

264 425 341 463 Agit
366 424 470 454 divino
493 423 611 454 numini

307 470 431 508 Degens
455 470 487 500 in
511 468 635 501 flamma
656 470 783 508 ignium,

260 518 327 555 Qua
346 516 484 555 protexit
508 515 692 547 incolumem

259 563 398 602 Ejusque
421 571 533 593 nomen
559 562 682 593 celebre

307 608 398 640 Fecit
422 611 543 640 creator
568 609 714 639 omnium.

376 690 420 717 Ad
439 690 616 727 Magnificat.

222 773 228 779 .
257 748 400 786 Exsulta,
425 749 515 787 plebs
540 747 689 788 fidelium,

260 796 338 827 Pete
361 795 460 835 patris
484 794 643 835 auxilium,

307 842 352 874 Ut
379 850 502 881 semper
526 842 623 880 magis
647 839 759 873 floreat

306 888 373 919 Nec
398 896 500 919 casum
526 888 640 919 malum
665 888 791 919 horreat

352 933 437 966 Urbs
461 934 679 976 Neapolitana,

262 979 325 1012 Sed
349 981 464 1018 spiritu
486 979 632 1021 proficiat

262 1026 304 1057 Et
325 1027 434 1058 mortis
459 1030 562 1058 actum
585 1027 722 1068 nesciat;

309 1074 395 1104 Vitet
418 1075 550 1106 taetrum
578 1073 719 1104 exsilium

306 1119 365 1150 Dei
390 1120 525 1151 videndo
549 1118 647 1150 filium

351 1164 496 1197 Ecclesia
518 1167 667 1198 Romana.

324 1286 382 1317 Ad
408 1286 668 1319 Matutinum.

390 1358 600 1386 Invitatorium.

260 1415 354 1454 Regis
383 1417 559 1447 sanctorum
585 1415 711 1446 Domini

305 1462 481 1493 Adoremus
503 1462 678 1501 imperium,

258 1508 295 1539 In
319 1507 444 1540 flamma
466 1508 546 1547 ignis
577 1508 692 1539 clibani

305 1554 466 1586 Servantis
488 1555 684 1587 januarium.

318 1675 362 1706 In
388 1675 417 1707 1.
444 1675 675 1709 Nocturno.

398 1749 589 1785 Antiphonae.

223 1831 230 1838 .
255 1804 370 1836 Beatus
396 1807 517 1844 martyr
539 1804 706 1837 Dominum

302 1851 403 1883 Corde
427 1860 550 1891 semper
574 1853 684 1892 oravit,

254 1898 406 1929 Praesens
430 1899 608 1937 spernendo
630 1901 787 1932 saeculum

301 1945 481 1984 Tyrannum
505 1946 674 1985 superavit.

222 2034 229 2041 .
256 2009 358 2047 Quare
381 2009 476 2040 miser
500 2019 561 2041 non
587 2011 712 2054 cogitas,

300 2055 483 2087 Thimotheo
511 2056 644 2096 dicebat,

251 2102 298 2134 Ut
322 2103 402 2134 vites
425 2111 544 2140 poenas
569 2103 702 2146 debitas,

299 2148 344 2180 Et
366 2147 461 2180 fidem
486 2149 647 2182 suadebat.

219 2240 224 2246 .
249 2213 392 2255 Domine,
419 2223 473 2245 oro
497 2215 618 2255 inspice

297 2260 367 2292 Hoc
393 2261 502 2292 durum
528 2265 726 2304 tormentum,

251 2308 397 2339 Animam
420 2309 454 2338 tu
477 2309 583 2349 recipe

297 2354 341 2385 Et
365 2363 478 2394 corpus
505 2357 699 2391 elementum.

1071 219 1275 255 Responsoria.

879 277 896 308 1
903 301 910 307 .
937 275 957 307 J
958 277 1104 309 anuarius
1133 277 1301 309 Dominum

980 323 1088 354 Mente
1114 324 1269 354 constanti
1295 321 1446 353 confitens

1027 369 1248 408 Triumphavit
1271 369 1460 408 perenniter,

931 414 1099 446 Factorem
1130 423 1199 445 esse
1223 415 1369 456 omnium,

979 461 1161 499 Tyrannum
1199 469 1357 500 nunquam
1393 467 1479 491 reve-

1256 515 1339 545 rens,

1027 554 1202 587 Coronatur
1225 553 1436 592 sollemniter;

895 626 900 632 .
931 600 1067 631 Mortem
1090 599 1176 632 subit
1198 599 1375 639 intrepidus

933 646 1101 680 Confessor
1124 646 1241 678 Christi
1266 646 1431 687 providus,

1027 694 1137 725 Polum
1161 693 1261 725 intrat
1284 693 1439 726 celeriter,

900 779 906 785 ,
932 750 1094 781 Deductus
1120 758 1224 780 coram
1248 749 1395 789 praeside

978 797 1049 828 Suis
1073 796 1225 828 ministris
1249 798 1395 836 imperat,

1024 843 1069 875 Ut
1092 845 1252 875 fornacem
1277 842 1461 880 accendant,

931 890 982 921 Ad
1008 891 1111 929 ignem
1134 890 1235 928 gentis
1260 888 1403 929 perfidae

976 936 1084 968 Mente
1107 936 1220 968 libenti
1243 938 1404 977 properat,

1023 984 1070 1016 Ut
1084 984 1131 1014 sic
1146 992 1252 1014 omnes
1264 983 1477 1024 perpendant,

891 1056 897 1062 .
928 1030 1015 1068 Quod
1040 1030 1074 1061 in
1098 1028 1223 1061 flamma
1243 1031 1310 1069 J'am
1331 1030 1453 1068 ,iactato

928 1076 1058 1115 Angelis
1080 1077 1113 1107 in
1138 1084 1172 1106 se
1195 1076 1287 1108 beato

1023 1123 1146 1154 Pariter
1182 1122 1283 1154 Deum
1321 1131 1476 1154 commen-

1253 1170 1339 1201 dant.

896 1249 903 1256 .
930 1223 1061 1256 Sanctus
1086 1225 1163 1256 feris
1189 1226 1364 1265 exponitur,

975 1270 1020 1302 Ut
1045 1271 1202 1303 Christum
1227 1281 1282 1303 ore
1307 1272 1440 1310 deneget

1025 1317 1136 1350 Coram
1161 1319 1314 1357 adspectu
1338 1318 1458 1359 populi,

931 1363 969 1394 In
991 1364 1079 1396 nullo
1103 1373 1232 1404 prorsus
1255 1365 1404 1407 laeditur,

977 1409 1089 1442 Fidem
1113 1410 1255 1449 perfecte
1279 1411 1403 1449 retinet,

1024 1457 1136 1489 Grates
1162 1467 1297 1497 superno
1322 1459 1459 1497 praesuli

889 1529 896 1536 .
925 1502 1044 1542 Dignas
1071 1505 1183 1535 devote
1207 1505 1330 1544 obtulit,

927 1549 974 1581 Ob
998 1550 1068 1590 hoc,
1095 1551 1178 1590 quod
1203 1552 1264 1583 sibi
1290 1552 1422 1583 contulit

1020 1597 1109 1628 Bona
1132 1595 1231 1629 futuri
1254 1598 1381 1630 saeculi.

982 1698 1028 1729 In
1054 1701 1084 1731 2.
1111 1699 1336 1732 Nocturno.

1068 1772 1261 1808 Antiphonae.

892 1853 899 1860 .
926 1828 1138 1869 invocantem,
1164 1840 1284 1863 summe
1307 1831 1402 1874 Deus,

971 1874 1141 1909 Exaudisti
1164 1886 1215 1909 me
1237 1879 1415 1919 clementer,

924 1920 1041 1953 Factus
1067 1932 1099 1954 es
1123 1927 1284 1962 protector
1307 1934 1405 1965 meus,

972 1968 1092 2001 Poenas
1117 1972 1230 2002 sustuli
1253 1975 1407 2011 potenter.

892 2052 898 2056 .
925 2024 1031 2056 Verba
1052 2027 1173 2065 protuli
1199 2028 1346 2068 dulcoriS,

971 2071 1015 2103 Ut
1040 2071 1144 2104 fidelis
1169 2074 1375 2114 Christianus,

924 2117 986 2149 Sed
1012 2118 1044 2149 in
1069 2120 1215 2158 poculum
1241 2122 1358 2154 doloris

969 2164 1007 2195 In
1030 2174 1081 2197 me
1105 2167 1201 2198 vertit
1225 2169 1274 2200 vir
1298 2168 1461 2209 profanus.

889 2245 896 2252 .
922 2220 1152 2254 Admirandum
1177 2233 1289 2257 nomen
1314 2228 1401 2258 tuum

967 2268 1003 2299 In
1031 2273 1200 2309 conspectu
1224 2273 1422 2313 populorum,

923 2313 1030 2345 Meum
1055 2324 1108 2347 cor
1132 2320 1256 2352 servavi
1280 2330 1394 2360 purum

971 2361 1081 2394 Comes
1106 2362 1209 2397 factus
1234 2366 1409 2404 beatorum.
