1652 2615
716 147 970 171 —loz—

263 230 307 261 Et
330 231 382 270 pie
406 231 446 263 ad
472 231 573 262 caelos
599 231 684 262 vexit

311 277 377 309 Has
402 286 525 310 sumens
552 278 591 308 de
615 277 773 309 barathro.

370 351 415 377 Ad
433 349 610 385 Magnificat.

224 431 231 438 .
262 406 381 446 Gaude,
391 407 489 446 virgo,
497 415 576 445 quae
580 409 653 445 post
660 406 816 438 Christum

263 453 414 484 Mundum
441 453 552 483 exuisti
579 453 672 483 istum

262 499 306 531 Et
327 499 361 530 in
386 500 487 531 caelos
511 507 542 529 es
567 499 730 538 translata,

261 545 325 578 Ubi
349 553 460 584 regnas
485 545 646 586 adornata,

260 592 430 631 Tamquam
453 592 639 631 imperatrix
660 592 760 633 sedes,

259 637 426 669 Duodcnas
452 647 543 669 ornas
566 639 676 680 sedes3

260 685 345 716 Orna
368 684 455 724 virgo
480 685 576 716 vitam
601 693 710 725 meam,

260 730 304 762 Ut
328 732 398 770 post
422 731 514 762 istam
540 735 670 763 mortem
695 740 803 772 queam

261 777 404 817 Regnare
429 787 498 809 cum
523 781 575 810 tuo
599 777 675 812 filio.

318 870 380 901 Ad
404 871 668 902 Matutinum.

393 944 594 972 Invitatorium
600 965 606 972 .

261 999 469 1040 Gaudeamus,
496 1000 622 1041 fratres,

305 1055 373 1078 cum
400 1048 501 1079 cordis
527 1049 677 1087 tripudio,

262 1093 372 1124 Venite
395 1094 566 1133 psallamus

308 1141 531 1180 cunctipotenti
556 1141 623 1172 Deo

261 1188 310 1218 Ac
328 1187 452 1218 Mariae
471 1187 640 1226 J‘ubilemus

309 1233 391 1264 dulci
417 1234 548 1266 cantico.

319 1335 364 1366 In
392 1337 421 1368 1.
447 1336 676 1370 Nocturno.

403 1409 594 1444 Antiphonae.

226 1489 233 1495 .
261 1464 380 1508 Gaude,
405 1470 507 1498 mater
530 1467 669 1510 ecclesia,

258 1511 349 1543 Nova
372 1511 573 1552 frequentans
599 1514 714 1553 gaudia

256 1557 305 1589 De
329 1559 482 1591 advocata
506 1562 642 1602 strenua,

259 1604 343 1642 Quae
368 1609 416 1637 est
441 1607 596 1638 caelorum
620 1608 739 1647 regina.

227 1683 233 1690 .
261 1660 380 1704 Gaude,
405 1663 517 1704 Maria,
546 1664 639 1695 stella
663 1666 769 1708 maris,

257 1708 334 1740 Orta
359 1718 396 1741 ex
420 1710 528 1741 radice
550 1710 683 1743 Davidis

257 1754 332 1786 Cum
357 1756 444 1787 nulla
468 1758 590 1788 macula
614 1758 762 1791 criminis.

223 1837 229 1843 .
257 1810 376 1851 Gaude,
402 1813 547 1844 theotoea
570 1813 706 1857 humilis,

253 1857 405 1890 Emanuel
431 1868 563 1899 namque
589 1861 726 1900 concipis

255 1904 379 1936 Virtute
405 1906 503 1937 divini
527 1907 671 1940 numinis.

389 1979 594 2014 Responsoria.

224 2059 230 2066 .
258 2033 378 2074 Gaude,
405 2036 498 2066 stella
522 2037 684 2079 matutina,

256 2081 279 2112 O
306 2081 393 2120 virgo
420 2082 529 2124 dulcis,
557 2083 670 2123 Maria,

254 2127 367 2158 Mundi
391 2128 539 2167 princeps
564 2132 596 2159 et
618 2131 735 2169 regina,

254 2174 359 2206 Mater
383 2174 444 2205 Dei
468 2175 562 2214 digna
587 2176 658 2218 dici,

256 2220 373 2253 Contra
397 2221 462 2252 tela
484 2221 603 2252 inimici

256 2267 411 2300 Gaudium
435 2277 517 2307 pone
541 2268 660 2310 salutis,

254 2315 340 2346 Tuae
364 2315 489 2346 titulum
514 2316 658 2355 virtutis;

253 2362 301 2393 Tu
327 2371 359 2394 es
385 2363 466 2394 enim
493 2363 583 2403 virga
603 2364 702 2406 Jesse‚

935 231 973 262 In
998 240 1060 270 qua
1082 231 1168 263 Deus
1194 231 1271 263 fecit,
1295 241 1363 264 esse

935 277 1042 308 Aaron
1068 279 1269 318 amygdalum

935 323 1050 355 Mundi
1075 325 1189 356 tollens
1214 325 1407 357 scandalum.

896 396 902 402 .
935 369 1055 410 Gaude,
1080 380 1195 409 sponsa
1219 374 1251 402 tu
1278 372 1387 409 electa,

936 416 1024 454 Quod
1053 425 1085 447 es
1109 417 1199 448 nobis
1226 418 1278 448 via
1301 421 1390 448 recta

932 462 985 493 Ad
1008 465 1138 493 aeterna
1160 463 1284 502 gaudia,

932 508 996 541 Ubi
1017 518 1080 547 pax
1106 511 1138 540 et
1161 509 1262 549 gloria

930 555 979 587 Tu
1002 564 1059 587 nos
1084 564 1159 587 aure
1184 556 1238 594 pia

982 602 1105 642 exaudi,
1134 603 1233 634 duleis
1258 603 1372 637 Maria.

899 683 906 689 .
933 657 1052 699 Gaude,
1081 658 1200 690 concha
1225 658 1393 699 Gedeonis‚

933 705 1047 745 Maria,
1073 714 1144 736 nam
1172 705 1211 736 de
1235 706 1308 737 altis
1332 706 1454 737 thronis

980 752 1027 783 Tu
1054 752 1225 791 concepisti
1248 752 1357 791 filium,

933 798 979 831 Ob
1005 799 1039 830 id
1064 799 1215 838 templum
1241 799 1417 831 Salomonis

930 845 1024 876 Facis
1049 848 1143 885 atque
1167 846 1228 877 tuis
1256 846 1344 878 donis

978 892 1101 924 Praebe
1126 893 1261 924 caeleste
1285 894 1444 932 gaudium.

893 963 900 970 .
930 939 1058 970 Portam
1082 939 1259 970 Ezechielis

977 985 1047 1016 Rex
1071 985 1190 1024 gloriae
1212 986 1355 1025 intravit,

930 1031 1013 1062 Dum
1037 1040 1115 1063 voce
1139 1032 1297 1064 Gabrielis

977 1078 1114 1110 Mariam
1138 1078 1331 1113 fecundavit.

898 1159 904 1166 .
932 1133 1053 1174 Gaude,
1079 1135 1203 1175 virgula
1226 1135 1326 1177 Jesse,

931 1181 1015 1220 Quae
1038 1180 1148 1213 florem
1171 1183 1205 1213 in
1226 1183 1322 1222 plena
1344 1192 1446 1215 messe

930 1227 1051 1259 Mundo
1076 1228 1165 1268 lapso
1190 1230 1359 1270 protulisti,

931 1273 980 1305 De
1005 1277 1057 1306 tuo
1082 1276 1222 1314 suscepit
1245 1285 1322 1316 esse,

929 1320 1018 1358 Quod
1043 1321 1132 1353 nobis
1158 1321 1219 1353 fuit
1242 1331 1382 1364 necesse,

930 1367 1026 1407 Deus,
1054 1369 1106 1407 qui
1131 1377 1170 1400 ex
1193 1372 1247 1401 tuo

977 1416 1066 1446 utero
1091 1416 1247 1454 processit
1270 1417 1311 1449 ad
1336 1419 1449 1458 ortum,

891 1485 898 1492 .
931 1460 1065 1492 Cernere
1091 1462 1230 1494 divinum

975 1508 1080 1540 lumen
1104 1510 1249 1551 gaudete,
1274 1510 1396 1544 fideles.

999 1639 1045 1671 In
1071 1641 1102 1673 2.
1128 1640 1358 1677 Nocturno.

1078 1715 1255 1750 Antiphone..

895 1795 902 1802 .
930 1770 1052 1811 Gaude,
1078 1771 1137 1803 Dei
1163 1773 1329 1814 thalamus,

928 1817 1070 1860 Myrrha,
1097 1819 1169 1851 thus
1191 1823 1223 1851 et
1246 1821 1415 1862 balsamus,

976 1865 1000 1896 O
1026 1866 1140 1899 Maria.

1064 1939 1270 1975 Responsoria.

895 2017 901 2023 .
930 1994 1049 2033 Gaude,
1081 1996 1210 2028 allatrix
1235 1999 1366 2039 grat-iae,

928 2040 1030 2080 Reges
1056 2042 1187 2074 Tharsis
1212 2047 1241 2075 et
1266 2045 1389 2077 insulae

976 2086 1100 2120 Christo
1136 2090 1218 2122 dona
1241 2091 1431 2134 obtulerunt,

928 2134 1049 2165 Aurum
1072 2138 1108 2166 ut
1132 2137 1199 2176 regi
1223 2138 1353 2179 gloriae,

927 2180 1093 2220 Myrrham
1120 2183 1187 2221 ejus
1212 2185 1404 2228 sepulturae,

974 2228 1037 2260 Per
1081 2229 1153 2260 thus
1192 2230 1293 2262 Deum
1335 2234 1478 2275 designa-

1249 2283 1373 2314 verunt.

889 2344 895 2351 .
928 2319 1087 2353 Gaudiose
1111 2323 1204 2354 stella
1227 2333 1310 2357 nova

927 2368 1066 2407 Fulgens
1092 2369 1131 2402 ab
1158 2372 1229 2402 ortu
1254 2375 1289 2403 ut
1313 2383 1386 2407 rosa
