1652 2615
214 221 259 253 Ut
285 220 324 251 de
349 227 442 251 carne
464 218 524 249 hac
547 216 641 249 soluti

215 266 261 298 Te
283 274 459 307 sequamur,
483 266 586 295 tecum
608 261 668 293 tuti

260 313 311 346 Ab
336 312 418 343 omni
437 310 587 351 periculo.

346 394 548 428 Responsoria.

179 476 187 484 .
213 452 292 489 Ave,
318 450 406 489 virgo
430 448 606 488 singularis,

215 498 263 529 De
281 504 414 535 superno
440 494 587 533 visitaris,

213 542 317 582 Digna
342 542 435 581 digne
459 540 605 572 salutaris

259 588 320 621 Ore
343 587 571 627 archangelico,

216 636 286 668 Jam
311 635 404 666 beata
425 632 621 673 praedicaris

210 681 255 713 Et
277 689 355 720 prae
380 680 500 712 cunctis
523 679 699 719 honoraris,

210 727 294 766 Quae
318 729 352 759 iu
375 730 506 759 matrem
531 725 722 757 consecraris

257 774 317 806 Dei
341 774 441 813 patris
466 773 567 812 unico,

173 845 179 852 .
211 820 316 853 Omnis
342 820 467 852 virtutis

258 867 425 907 paradisus
450 869 483 898 el>
505 865 578 897 aula
600 864 721 897 salutis.

177 956 187 967 .
211 933 288 965 Cum
314 933 354 964 de
376 934 470 971 partu
494 930 682 970 conveniris,

210 978 339 1011 Modum
365 986 517 1017 quaerens
543 976 712 1017 expediris,

209 1024 277 1057 Deo
302 1024 432 1056 credens
455 1024 613 1064 insigniris

255 1071 361 1103 Arrha
388 1072 461 1103 data
487 1070 634 1108 coelitus,

212 1117 374 1150 Exornata
398 1116 499 1149 modis
524 1117 611 1148 miris

212 1163 334 1202 Sponsa
357 1173 470 1203 sponso
495 1172 565 1195 mox
589 1162 711 1202 potiris,

213 1209 360 1242 Gaudens
385 1210 492 1248 multo,
519 1217 578 1248 quo
604 1207 735 1248 fulciris,

258 1257 348 1288 Dono
373 1256 475 1287 sancti
497 1256 648 1296 spiritus·,

172 1329 179 1336 .
208 1303 294 1335 Auro
318 1302 443 1334 vestiris

259 1350 343 1381 intus
368 1349 516 1388 varioque
540 1348 687 1381 amiciris.

183 1440 190 1447 .
216 1414 379 1453 Templum
403 1415 436 1446 in
461 1417 493 1445 te
516 1413 688 1455 ordinatur,

216 1460 253 1493 In
278 1469 338 1500 quo
363 1460 490 1492 verbum
517 1461 708 1500 incarnatur,

212 1507 265 1538 Ad
290 1507 371 1545 quod
397 1508 529 1546 supplex
553 1506 722 1538 inclinatur

258 1553 338 1585 Tota
361 1553 440 1584 coeli
465 1553 560 1591 curia,

206 1600 291 1637 Quae
316 1608 384 1631 cum
407 1599 466 1630 'tibi
493 1600 686 1639 collaetatur,

213 1645 258 1677 Te
283 1644 485 1685 frequentans
510 1647 672 1677 nuntiatur

213 1692 279 1725 Pax
304 1693 336 1723 in
361 1693 455 1724 terris
481 1695 512 1724 et
537 1695 680 1725 cantatur

259 1739 297 1770 ln
322 1739 453 1771 excelsis
478 1739 594 1779 gloria3

175 1810 183 1818 .
212 1787 319 1824 Astra,
344 1786 455 1825 solum,
480 1787 580 1817 maria

259 1833 412 1871 plaudunt
437 1832 504 1872 tibi,
531 1832 618 1871 virgo
639 1832 752 1864 Maria.

269 1945 315 1975 In
341 1945 372 1978 3.
397 1944 624 1976 Nocturno.

356 2016 548 2052 Antiphonae.

176 2096 185 2106 .
212 2073 345 2106 Cantent
368 2073 435 2112 tibi,
461 2082 479 2105 o
499 2073 614 2113 Maria,

212 2121 368 2159 Hymnum
392 2128 516 2157 novum,
541 2122 642 2151 mater
665 2122 729 2161 pia,

256 2167 301 2198 Et
321 2175 426 2197 omnes
453 2169 485 2197 et
508 2166 631 2208 singuli,

211 2214 269 2245 Est
294 2223 312 2245 a
334 2213 402 2245 Deo
431 2212 521 2244 nobis
548 2214 638 2245 datus

211 2260 261 2292 De
282 2263 315 2292 te
335 2261 391 2292 ille
414 2268 494 2300 puer
517 2263 617 2299 natus,

258 2307 353 2346 Quem
377 2307 511 2338 adorant
534 2307 647 2346 angeli,

304 2354 328 2390 O
353 2353 466 2388 Maria.

761 120 806 154 48

824 215 856 246 2.
881 213 933 245 Ex
956 215 990 245 te
1014 212 1117 245 factus
1141 221 1198 244 nos
1222 210 1359 243 redemit

881 260 997 291 Factor
1018 258 1137 297 mundi,
1164 257 1289 298 quando
1313 256 1400 287 venit

928 305 1094 337 Plenitudo
1124 305 1286 343 temporiS,

883 350 1017 383 Summis
1040 351 1127 384 Deus
1152 352 1215 382 ima
1235 349 1352 389 junxit,

882 397 959 429 Cum
983 397 1130 430 servilem
1155 405 1195 428 ex
1218 398 1250 427 te
1275 393 1407 434 sumpsit

927 443 1073 475 Formam
1103 442 1204 474 nostri
1229 441 1380 481 corporis,

976 490 1000 522 Ο
1026 489 1139 520 Maria.

848 600 855 607 .
880 572 978 604 Adsis
1004 573 1140 604 clemens
1165 571 1266 611 nobis,
1296 570 1349 610 qui
1374 572 1406 600 te

880 619 1075 651 Veneramur
1100 623 1132 649 et
1156 620 1195 649 ‹le
1220 618 1304 649 vitae

927 665 1107 699 Praesentis
1132 664 1242 695 exsilio

880 712 946 744 Nos
973 712 1101 744 eductos
1131 713 1165 742 tu
1191 710 1332 752 dignare,

879 758 1103 798 Interventrix,
1129 758 1335 798 praesentare

928 805 1062 846 Christo,
1087 809 1142 837 tuo
1166 804 1242 845 filio,

973 853 997 885 O
1022 852 1136 884 Maria,

1017 954 1222 989 Responsoria.

846 1048 852 1054 .
879 1021 982 1061 Salve,
1008 1020 1118 1061 regina
1141 1019 1267 1059 nobilis,

879 1068 982 1110 Salve,
1008 1067 1093 1098 mitis
1119 1069 1151 1098 et
1173 1066 1313 1107 humilis,

880 1114 982 1154 Salve,
1009 1115 1059 1145 cui
1082 1114 1170 1145 nulla
1194 1113 1307 1145 similis

925 1162 962 1193 In
988 1160 1107 1192 cunctis
1132 1160 1327 1198 mulieribus,

879 1208 1037 1240 Virtutum
1062 1208 1158 1239 laude
1182 1206 1370 1246 praemium,

881 1254 966 1293 Quae
989 1254 1057 1285 sola
1082 1253 1168 1294 virgo
1194 1256 1294 1285 mater
1319 1262 1364 1292 es,

882 1300 924 1332 Et
948 1300 1050 1332 Deum
1073 1300 1157 1332 inter
1181 1300 1321 1332 homines

929 1348 1044 1379 Lactas
1069 1346 1166 1380 sacris
1192 1346 1359 1386 uberibus,

844 1420 851 1426 .
881 1393 994 1426 Omnia
1017 1397 1197 1432 pascentem

929 1445 963 1471 tu
986 1441 1090 1481 pascis
1119 1444 1150 1472 et
1171 1440 1427 1479 omnipotentem.

850 1549 857 1556 .
882 1524 982 1555 Laeta
1007 1527 1106 1555 mater
1132 1523 1333 1563 amplecteris

881 1571 1027 1610 Parvum,
1054 1570 1106 1610 qui
1131 1578 1186 1601 rex
1211 1573 1259 1601 est
1279 1571 1426 1610 aetheris,

882 1617 926 1649 Et
951 1625 988 1648 ex
1014 1619 1046 1647 te
1070 1617 1138 1648 nati
1162 1617 1279 1648 teneris

927 1663 1102 1695 Labellulis
1130 1664 1208 1695 dans
1233 1664 1358 1703 oscula,

881 1710 954 1749 Ipso
979 1711 1143 1750 praedulci
1167 1709 1293 1749 frueris,

881 1757 926 1790 Ut
949 1760 1065 1789 matres
1090 1757 1181 1788 laetis
1206 1757 1323 1800 pueris,

881 1803 1036 1845 Agnosce,
1063 1804 1112 1835 cui
1137 1803 1322 1843 praebueris

928 1850 1039 1889 Ulnas,
1064 1850 1177 1889 sinum,
1203 1850 1377 1890 cunabula,

842 1920 850 1928 .
879 1896 1009 1928 Deliciis
1035 1905 1068 1927 es
1093 1894 1179 1927 facta
1203 1896 1276 1937 tuis,

927 1943 1077 1985 speciosa,
1107 1943 1222 1977 suavis,

847 2048 854 2055 .
881 2027 983 2065 Salve,
1010 2035 1123 2058 aurora
1147 2027 1292 2067 rutilans,

884 2072 1021 2113 Coelum,
1047 2076 1164 2104 terram
1188 2073 1379 2117 illuminans,

926 2121 1013 2159 Quae
1029 2128 1218 2160 consurgens
1236 2121 1277 2152 de
1288 2122 1428 2156 tenebris

927 2166 1028 2205 Super
1055 2168 1141 2198 astra
1165 2168 1378 2210 progrederis,

883 2213 1001 2244 Lumen
1026 2216 1186 2244 aeternum
1212 2214 1366 2257 bajulam,

882 2260 958 2293 Orbi
982 2264 1088 2292 terrae
1109 2260 1174 2299 jam
1201 2262 1364 2296 dominans

926 2307 971 2338 Et
995 2307 1089 2339 coelis
1111 2306 1196 2339 faeta
1221 2309 1365 2351 celebris,

927 2354 1013 2394 Quae
1029 2353 1153 2393 quidvis
1169 2364 1261 2394 posse
1275 2360 1423 2394 crederis.

1641 1266 1649 1612 ..—,———1—--...‚1
1643 1180 1646 1255 —
