1652 2615
724 150 953 184 —46—

199 240 222 269 1.
242 243 370 277 Suseipe,
391 243 508 270 domina
526 245 632 276 nostra,
863 241 891 269 3.
911 243 1078 270 Immuudos
1097 245 1209 278 peceati
1229 243 1313 271 sorde

241 281 346 307 Devoti
369 281 462 307 cordis
481 288 608 315 munera,
911 280 992 307 Lava
1011 281 1147 314 puritatis
1166 279 1253 314 fonte,

242 318 322 350 Quae
340 319 389 344 tuo
410 318 487 345 defer
509 316 569 345 filio
909 316 933 343 Ο
947 324 1023 343 vena
1042 318 1175 351 salubris,
1196 319 1253 352 pia,

243 354 315 382 Cum
333 355 381 389 pio
399 355 570 390 patrocinio.
908 354 991 381 vitro
1012 355 1112 388 purior
1130 354 1234 381 Maria.

193 398 218 428 2.
240 401 283 428 De
302 401 401 428 mundi
420 400 505 434 hujus
524 400 628 435 pelago
860 398 887 427 4.
910 399 1112 427 Collaudemus
1132 408 1209 427 nunc
1227 401 1370 427 canticum

240 438 404 465 Clamamus
424 437 508 464 corde
527 438 664 464 contrito:
907 436 1107 465 Benedicendo
1126 437 1292 470 Dominum,

238 476 283 502 Tu
299 474 383 502 nobis
403 477 502 510 portus
522 476 551 500 et
568 475 626 506 via,
906 474 1045 501 Floruisti
1063 475 1095 500 in
1114 474 1211 508 gratia

240 512 264 539 O
284 511 370 538 stella
389 512 474 538 maris
494 511 596 538 Maria.
907 511 964 538 Per
982 513 1105 545 partum,
1129 513 1230 537 saneta
1247 510 1352 537 Maria.

194 557 285 584 Daffir
302 557 375 584 fehlt
393 557 496 584 beiden
516 559 580 584 eine
599 555 622 583 Α
643 556 679 583 acl
697 555 875 593 Mag-nificat.
895 573 932 577 --
950 557 993 584 In
1014 555 1039 584 1.
1057 557 1156 586 Noet.
1178 553 1200 582 Α
1220 554 1246 589 2,
1261 554 1281 583 4
1298 557 1369 591 Nos,
1390 558 1474 592 virgo

191 595 248 628 pia,
268 595 378 629 respice
397 594 456 621 ΑΒ.
477 609 512 613 -
532 595 589 621 Die
608 593 747 629 Ordnung
767 594 817 621 cler
836 591 880 620 BR
901 596 940 622 ist
959 595 1023 621 eine
1043 594 1148 621 andere
1168 594 1199 620 in
1212 593 1246 627 A,
1268 603 1294 620 u.
1308 603 1333 620 z.
1354 594 1476 621 sehwer-

189 630 247 657 liuh
272 631 319 658 die
340 631 569 667 ursprfinglivhe.
602 632 637 658 In
657 630 707 659 der
728 631 752 658 1.
772 631 902 659 Noctum
921 632 1019 667 folgen
1037 632 1100 659 sich
1120 631 1167 658 die
1188 628 1232 656 BR
1258 629 1281 658 1.
1303 630 1327 658 O
1348 639 1413 667 spes
1433 631 1475 658 ‹li-

190 669 260 695 vina
279 670 332 695 etc.
362 666 388 695 2.
402 669 467 696 Lux
485 668 652 696 indeficiens
668 671 720 696 etc.
750 666 776 696 3.
792 669 816 696 O
832 669 956 697 clemens
970 669 1088 696 domina
1107 671 1159 696 ete.
1177 668 1213 695 In
1226 669 1276 696 der
1290 667 1316 695 2.
1330 669 1475 697 Nectum:

192 702 214 731 1.
236 705 312 732 Vera
330 705 387 733 Dei
405 706 530 741 genitrix
554 708 606 734 ete.
640 704 666 732 2.
688 706 711 734 Ο
733 706 807 734 coeli
830 709 915 741 porta
934 709 986 734 ete.
1019 704 1046 735 3.
1067 707 1198 740 Oramus,
1219 706 1337 734 domina
1357 710 1410 734 ete.
1439 706 1476 733 In

188 740 239 769 der
260 740 285 769 3.
305 743 436 770 Nocturn
456 742 554 770 stehen
575 743 636 770 drei
655 743 715 771 ΒΗ.
735 752 795 771 von
818 744 951 772 auderem
971 744 1064 771 Baue:

200 786 224 815 1.
245 788 447 816 Sacratissima
463 790 616 825 virginum,
867 789 893 818 2.
915 791 939 817 Ο
960 799 1025 826 spes
1045 792 1145 818 nostra
1165 791 1193 818 θ’(
1212 790 1358 827 gaudium,

244 825 401 860 Corruptae
421 827 522 854 mentis
543 827 657 854 oculum
913 828 1068 863 singulare
1087 828 1238 862 refugium,

243 863 279 890 ln
297 865 326 889 te
346 865 387 891 rei
408 864 556 898 defigimus
913 866 936 893 O
957 865 1021 892 sola
1040 866 1119 893 salus
1139 867 1267 893 omnium

240 900 281 927 Et
299 902 409 936 protegi
429 901 616 936 deposcimus,
908 903 951 929 Te
971 905 1050 930 caste
1069 900 1259 937 diligenfium‚

185 936 220 964 V.
243 938 284 964 Te
303 937 438 971 lacrimiS,
459 940 600 973 precibus,
853 940 888 968 V.
912 940 1007 972 Salve,
1028 941 1170 967 salvatrix

277 976 369 1001 mater
389 976 513 1010 pietatis,
535 976 655 1004 adimus.
949 980 978 1005 et
996 977 1144 1013 lapsorum
1164 978 1334 1013 reparatrix.

582 1020 609 1050 3.
630 1023 737 1057 Gaude,
760 1024 862 1059 regina
880 1026 1061 1060 praepotens,

627 1061 753 1088 Aeterna
770 1061 835 1088 luce
854 1062 1027 1097 praenitens,

629 1098 737 1132 Gaude,
757 1098 902 1126 coelorum
920 1099 1045 1134 domina,

629 1135 652 1162 O
672 1136 817 1171 virginum
837 1136 1038 1172 pulcherrima,

571 1172 606 1199 V.
629 1172 688 1198 Fae
706 1181 759 1200 nos
778 1173 882 1200 laetari

664 1209 824 1245 faciemque
843 1211 923 1238 tuam
943 1211 1095 1246 speculari,

626 1246 744 1274 Plenam
763 1248 881 1275 virtutis

664 1283 822 1312 dulcedinis
843 1287 872 1312 et
890 1285 1017 1320 pietatis.

181 1327 223 1353 In
242 1325 268 1354 3.
292 1327 392 1354 Noe'r.
414 1327 435 1353 Α
458 1326 525 1360 1,1
544 1329 621 1356 Ecee
645 1338 750 1357 nornen
776 1332 831 1358 tibi
857 1332 890 1359 B.
916 1346 955 1350 —
980 1328 1090 1365 R1‚1
1110 1331 1134 1359 O
1155 1331 1228 1359 fehlt
1247 1333 1278 1360 B.
1299 1348 1337 1351 —
1358 1331 1378 1359 Β
1399 1332 1429 1367 2,
1451 1331 1468 1360 3

183 1364 290 1398 Dejieit
310 1364 346 1391 ad
364 1366 439 1392 vitia
459 1365 514 1391 BC.
535 1382 572 1385 —
597 1367 639 1393 In
658 1365 684 1394 2.
704 1368 814 1403 Vesp.
833 1368 885 1396 hat
903 1368 929 1395 A
949 1369 1012 1395 eine
1032 1369 1138 1396 andere
1158 1367 1180 1394 Α
1202 1370 1237 1396 ad
1256 1370 1369 1405 Magn:
1395 1371 1468 1405 Ave,

182 1401 323 1428 mirabilis
348 1402 433 1429 stella
456 1403 550 1437 maris,
577 1404 657 1438 cujus
683 1405 778 1432 infans
798 1407 830 1432 in
849 1406 925 1433 laete
944 1407 1045 1433 matris
1065 1407 1225 1434 minoratus
1245 1407 1281 1434 ab
1304 1408 1416 1445 angelis
1435 1410 1465 1436 te

182 1437 319 1466 humilem
339 1439 474 1467 ancillam
496 1439 565 1467 facit
584 1442 749 1477 angelorum
770 1443 923 1471 dominam.

621 1521 663 1552 14.
692 1523 736 1553 De
754 1523 850 1554 beata
867 1524 967 1555 Maria
985 1524 1022 1554 V.

313 1579 358 1610 In
385 1580 415 1611 1.
442 1579 549 1619 Vesp
561 1581 653 1613 eris,
862 1585 893 1616 4.
918 1583 1025 1626 Virgo,
1053 1584 1163 1624 gaude,
1190 1585 1273 1616 omni
1297 1585 1394 1618 laude

965 1631 1058 1662 Felix
1083 1633 1115 1661 eb
1139 1630 1334 1671 dignissima,

349 1709 355 1714 Ι
916 1676 984 1707 Fac
1007 1686 1063 1709 nos
1084 1677 1184 1708 laetos
1209 1681 1311 1709 tecum
1335 1677 1434 1711 fretos

193 1708 221 1740 1.
246 1709 301 1740 Me
326 1709 455 1749 ngnare
479 1712 511 1740 te
532 1710 672 1750 laudare,
966 1723 1038 1756 vita
1063 1724 1253 1764 beatissima,

296 1755 391 1796 Virgo
416 1757 637 1799 sacratissima,
1011 1771 1035 1803 Ο
1058 1770 1172 1803 Maria,

250 1801 309 1833 Cui
332 1803 496 1840 praeclare
519 1804 659 1842 psallunt
682 1813 778 1844 mare,

294 1848 401 1879 Tellus
427 1851 458 1879 et
482 1849 643 1891 altissima,

392 1652 498 1688 Antiph
503 1661 583 1681 onae.

863 1827 893 1858 5.
919 1826 984 1859 Ubi
1009 1835 1133 1865 semper
1158 1827 1275 1865 gaudes
1300 1827 1382 1860 inter

963 1872 1156 1913 Angelorum
1180 1873 1315 1913 agmina,

343 1894 367 1956 f)
392 1895 506 1927 Mana·
918 1918 1007 1949 Haec
1031 1920 1152 1950 sincere
1177 1919 1228 1950 fac
1248 1920 1376 1959 placere

192 1951 222 1982 2.
250 1950 299 1981 Da
321 1953 479 1992 Vlttutem,
505 1950 545 1983 da
568 1952 700 1984 Salutem
965 1964 1032 1997 Deo
1056 1972 1165 1996 nostra
1191 1967 1339 2005 carmina,

296 1996 412 2028 Contra
435 1997 544 2029 mortis
568 1999 719 2040 stimulos,
1011 2012 1036 2044 0
1061 2012 1173 2043 Maria,

250 2043 294 2075 Ue
316 2051 378 2074 non
403 2047 518 2083 nutem,
544 2045 600 2076 sed
621 2046 778 2078 confutem
846 2057 885 2090 R,
915 2057 969 2089 301
993 2058 1151 2090 innocenti
1176 2059 1293 2091 lumine

297 2088 414 2121 Pravos
440 2092 509 2142 tuos
534 2092 680 2129 aemulos,
961 2102 1026 2136 Per
1058 2105 1173 2136 vitrum
1197 2106 1302 2138 vibrat
1326 2109 1460 2150 radium,

343 2135 367 2168 0
393 2136 506 2169 Marla·
918 2150 971 2182 Sic
994 2153 1027 2182 ‘te
1048 2152 1211 2184 illustrans
1235 2154 1360 2187 numine

193 2193 223 2225 3.
250 2190 402 2223 Genihrici
426 2191 485 2223 Dei
512 2192 574 2224 dici
964 2196 1035 2229 Non
1059 2198 1153 2229 laesit
1175 2198 1279 2232 factor
1303 2203 1448 2245 omnium,

291 2237 431 2270 Laudem
456 2239 524 2270 laus
550 2243 598 2271 est
619 2240 714 2280 illius,
917 2243 994 2276 Cum
1018 2253 1150 2276 nascens
1175 2255 1213 2277 ex
1237 2249 1270 2278 te
1294 2248 1415 2290 virgine

247 2285 306 2324 Qui
329 2285 514 2317 humanatus
540 2290 588 2317 est
610 2287 753 2327 dignatus
964 2290 1035 2322 Non
1052 2292 1173 2330 sprevit
1190 2296 1275 2325 tuum
1289 2297 1459 2342 gremium3

292 2332 371 2363 Esse
395 2335 466 2366 tuus
490 2331 583 2373 filius,
848 2337 885 2370 V.
915 2338 1019 2378 Felix,
1045 2347 1124 2378 quae
1149 2338 1266 2372 Christi

337 2378 362 2411 Ο
387 2378 501 2413 Man‘a.
962 2388 1064 2417 mater
1086 2384 1157 2417 fieri
1177 2388 1328 2423 meruisti.
