1652 2615
713 132 970 167 -229—

262 225 357 257 Vitae
381 235 506 257 sumens

308 273 369 304 hac
393 276 497 304 morte
521 273 675 314 bravium,

263 318 359 358 CuJus
386 323 490 362 caput,

308 375 422 406 corpus
453 370 485 398 et
509 368 628 399 corium

260 413 370 445 Lictor
394 416 488 445 extra

307 461 442 500 projecit
467 462 600 495 moenia.

220 531 227 538 .
258 506 385 540 Gaudia
409 517 559 540 mansura

310 555 400 586 dedit
424 555 474 586 illi
497 555 605 594 passio
633 555 722 589 dura.

225 656 232 662 .
261 630 469 661 Venerandas

303 677 419 708 tollunt
444 677 593 716 reliquias

257 723 392 762 Quidam
413 726 521 754 sancto

306 768 450 802 faventes
475 771 625 810 praesuli,

259 816 354 848 Locis
379 817 444 849 suis

306 867 419 903 aptant
441 864 589 895 minutias

258 910 459 943 Festivantes

307 959 348 990 ad
373 959 478 991 locum
503 958 624 996 tumuli,

260 1005 338 1037 Cum
364 1014 424 1045 quo
449 1005 592 1036 membra

309 1051 450 1083 defuncti
474 1052 602 1091 parvuli

259 1098 456 1130 Collocantes

304 1150 402 1185 agunt
429 1145 612 1184 exsequias3

217 1219 223 1225 .
254 1192 312 1230 Qui
335 1193 444 1224 vitium
471 1192 583 1230 nescit,

303 1242 389 1270 tutus
416 1241 490 1278 post
513 1237 580 1270 fata
605 1238 746 1277 quiescit.

314 1380 359 1411 In
386 1380 417 1410 2.
442 1380 672 1411 Nocturno.

399 1462 595 1498 Antiphonae.

223 1555 229 1562 .
258 1530 457 1561 Herculanus

304 1577 378 1608 dum
405 1577 498 1608 docet
522 1576 682 1619 populum,

256 1624 373 1656 Sacrae
398 1623 534 1655 fundens

304 1672 483 1710 scripturae
506 1670 663 1712 poculum,

255 1719 294 1750 In
318 1721 478 1757 pastorem

303 1765 393 1796 urbis
418 1764 555 1804 eligitur,

257 1812 385 1844 Cunctis
409 1812 539 1851 placens

305 1860 426 1891 cunctis
450 1857 644 1899 praeficitur.

220 1958 227 1965 .
255 1935 351 1967 Tanti
373 1943 485 1966 munus

303 1983 438 2023 adeptus
463 1982 563 2022 apicis

253 2030 358 2071 Digne
382 2030 481 2070 gessit

301 2087 380 2118 opus
406 2076 576 2117 pontificis,

255 2125 383 2158 Clerum
409 2125 526 2157 docens

298 2182 441 2206 normam
465 2172 650 2211 theoricam,

252 2222 381 2255 Plebem
410 2228 527 2252 vocans

299 2269 341 2300 ad
366 2268 463 2300 vitam
488 2266 674 2307 practicam.

195 2346 226 2378 3.
253 2343 428 2378 viduarum

301 2391 461 2423 consultor
484 2390 583 2428 utilis,

939 229 1135 268 Pupillorum

984 279 1070 307 tutor
1094 276 1275 316 laudabilis,

941 323 1019 354 Suas
1048 323 1137 363 large

987 370 1171 410 dispergens
1198 370 1305 410 copias

938 416 1116 457 Egenorum

984 463 1076 502 pellit
1099 465 1232 496 inediaS.

1075 546 1279 583 Respousoria.

908 637 915 643 .
942 611 1109 644 Restitutis

984 659 1017 689 in
1043 659 1121 690 urbe
1146 660 1265 692 civibus

939 705 1065 737 Summo
1087 709 1228 738 sanctum

987 753 1152 791 requirunt
1175 754 1291 793 studio,

939 798 1002 830 Sed
1026 807 1089 830 non
1114 803 1227 839 parent

983 846 1016 876 in
1039 846 1105 884 ejus
1132 847 1277 878 carnibus

939 892 1110 924 Cicatrices

984 942 1039 970 aut
1061 939 1127 971 ulla
1146 940 1254 979 laesio,

937 985 992 1016 Fit
1015 987 1225 1018 membrorum

984 1041 1061 1063 sana
1086 1034 1274 1072 conjunctio,

938 1080 1022 1110 Puer
1044 1082 1166 1111 tantum

984 1125 1127 1157 scatebat
1154 1126 1324 1159 vermibus,

901 1199 907 1204 .
938 1172 1088 1203 Noscitur
1113 1182 1151 1204 ex
1175 1173 1236 1204 isto

984 1217 1149 1250 defunctus
1174 1220 1280 1250 vivere
1305 1220 1441 1252 Christo.

901 1309 908 1316 .
935 1284 1089 1316 Palestini

982 1331 1097 1362 montis
1123 1332 1309 1364 vocabulum

935 1378 1037 1409 Tenet
1058 1387 1148 1410 sacer

984 1425 1072 1456 locus
1098 1426 1264 1467 calvariae,

932 1472 996 1504 Hic
1019 1472 1156 1504 secundo

982 1521 1183 1558 sumpserunt
1205 1520 1359 1551 tumulum

935 1566 1165 1605 Tansportatae

981 1615 1110 1644 sanctae
1133 1614 1297 1653 reliquiae,

933 1660 1027 1691 Hunc
1053 1660 1179 1691 divinae

978 1707 1128 1745 majestas
1153 1707 1275 1747 gratiae

937 1752 1062 1792 Cephae
1091 1754 1188 1786 Petro

980 1801 1119 1832 sacravit
1141 1801 1298 1841 loculum3

894 1871 901 1878 .
932 1846 1048 1878 Adfuit
1071 1847 1124 1878 hic
1148 1848 1233 1887 genti

982 1893 1123 1926 defensio
1148 1895 1249 1926 multa
1271 1896 1403 1934 petenti.

900 1986 907 1993 .
933 1960 1097 2000 Rogerius,

981 2008 1114 2040 antistes
1139 2008 1266 2048 nobilis,

932 2056 1147 2088 Herculanum

979 2103 1034 2135 ubi
1059 2103 1209 2143 restituit,

933 2149 1033 2182 Aram
1058 2153 1182 2182 struens

982 2199 1135 2230 caementi
1164 2197 1299 2237 stabilis,

932 2246 970 2278 In
996 2254 1058 2285 qua
1082 2254 1205 2277 sacrum

981 2301 1095 2332 corpus
1120 2291 1276 2332 accubuit,

932 2340 977 2372 Et
1001 2347 1097 2378 super
1115 2340 1198 2370 hanc

980 2385 1116 2418 fundare
1141 2386 1263 2417 studuit
