1652 2615
219 1223 260 1257 V.

749 152 1005 187 —263—

297 245 393 284 Quem
417 246 515 277 tantis
541 256 599 286 pro
621 247 780 280 instantiis

294 292 443 324 Aeternis
469 294 678 332 providentiis

342 338 414 371 Jam
441 339 586 372 Christus
613 342 792 374 coronabat.

261 438 268 445 .
293 414 346 446 Ex
370 422 426 446 ore
448 415 592 447 Petronii

295 461 451 493 Doctrina
476 462 593 501 eloquii

297 508 440 540 Christus
466 517 555 540 suam
578 510 703 541 laudem

341 555 396 587 Sic
417 554 614 595 perficiebat,

294 602 377 633 Dum
403 603 571 634 haeresum
594 601 739 634 fraudem

295 649 408 681 Verbis
434 650 589 690 evangelii

295 696 399 736 Hujus
425 696 504 728 odor
528 697 588 727 lilii

340 744 414 775 Rite
441 743 635 775 destruebat.

425 827 632 862 Responsoria.

262 919 268 926 .
294 894 470 926 Haeresum
494 895 635 925 versutia

341 941 401 973 His
429 941 508 971 actis
532 941 675 981 inolevit,

294 988 436 1020 Plurima
460 988 604 1027 nequitia

338 1036 376 1066 In
399 1042 475 1067 vera
499 1043 582 1065 nunc
608 1035 759 1071 desaevit,

295 1082 433 1120 Quorum
459 1082 506 1112 sic
530 1080 659 1112 fallacia

292 1129 388 1169 Regis
413 1128 616 1168 providentia

340 1174 501 1208 Divinitus
526 1174 701 1213 praevenit,

289 1222 374 1254 Dum
399 1222 483 1253 bunc
505 1222 636 1260 plenum
661 1221 773 1260 gratia,

294 1269 421 1302 Clarum
447 1269 635 1308 eloquentia,

292 1317 509 1348 Reducentem
536 1315 629 1347 devia

292 1364 338 1396 Ob
367 1367 432 1396 tam
460 1363 531 1394 dira
554 1362 650 1393 noxia

339 1411 471 1442 Mittere
499 1409 650 1442 decrevit.

292 1487 406 1518 Petrus
432 1485 511 1516 caeli
537 1484 683 1524 claviger

336 1534 507 1573 Apparens
534 1531 722 1571 Coelestino‚

292 1582 457 1613 Pastorem
483 1579 611 1610 oraculo

340 1626 516 1659 Admonuit
542 1626 659 1663 divino,

295 1675 340 1707 Ut
363 1676 505 1706 sanctum
532 1673 725 1712 Petronium,

292 1722 419 1754 Meritis
446 1720 603 1759 eximium,

292 1769 407 1801 Dando
431 1766 628 1809 pontificium

341 1815 516 1849 Bononiam
540 1815 671 1857 legaret,

293 1865 339 1898 Ut
363 1862 554 1904 exstirparet
579 1861 674 1894 noxia

291 1910 526 1950 Tradendoque
550 1909 691 1941 salubria

338 1958 519 1992 Ecclesiam
543 1956 686 1989 firmaret

340 2007 410 2039 Nec
435 2005 523 2039 aliud
548 2007 729 2044 temptaret.

292 2084 376 2116 Dum
404 2081 545 2114 celebrat
571 2080 737 2113 concilium

340 2139 466 2163 sacrum
492 2129 698 2169 coelestinus,

291 2177 501 2211 Bononiensis
521 2177 657 2216 populus

339 2226 420 2258 adiit
441 2225 526 2256 hunc
550 2222 697 2264 festinus,

293 2272 483 2312 Supplicans
509 2271 696 2311 suppliciter

341 2320 381 2351 de
404 2322 497 2359 patre
520 2318 685 2358 provideri

291 2367 336 2399 Et
360 2376 379 2402 a
404 2366 482 2399 diris
506 2365 652 2399 hostibus

341 2423 376 2446 se
400 2414 575 2453 orphanum
601 2413 693 2453 tueri,

910 247 947 280 V.
978 248 1087 280 Plorat
1113 255 1216 278 coram
1241 246 1387 285 praesule

1025 294 1158 334 populus
1184 302 1364 334 oppressus,

978 343 1138 380 Promens,
1165 350 1255 380 quam
1281 341 1364 381 regis
1389 339 1476 372 rabie

1025 388 1145 420 exstitit
1171 388 1347 427 depressus

1034 521 1079 552 ln
1106 521 1137 552 3.
1163 519 1390 553 Nocturno.

1115 593 1309 629 Antiphonae.

942 678 949 685 .
974 651 1039 683 Hic
1063 655 1192 683 sanctus
1216 652 1284 682 sine
1308 652 1431 683 macula

1023 698 1064 730 Se
1087 706 1216 730 servans
1241 699 1273 729 in
1295 699 1421 737 justitia

975 746 1013 777 In
1039 754 1114 777 vera
1137 745 1340 776 tabernacula

1020 793 1098 824 Post
1121 791 1213 830 hujus
1238 792 1323 823 vitae
1346 791 1453 823 tristia

1021 840 1212 877 Assumptus
1239 841 1287 869 est
1309 839 1341 870 in
1366 838 1480 878 patria.

944 919 951 926 .
976 895 1187 926 Terrenorum
1216 895 1348 934 gloriam

1021 941 1103 973 Dum
1129 942 1249 980 sprevit
1274 942 1326 972 hic
1345 942 1522 983 Petronius,

971 988 1090 1020 Mentis
1115 988 1353 1019 sanctimoniam

1021 1036 1167 1074 Adeptus
1193 1035 1397 1067 excellentius

975 1081 1103 1113 Gloriae
1128 1090 1258 1120 magnae
1282 1083 1433 1121 praemia,

972 1128 1082 1168 Magni
1108 1128 1230 1159 decoris
1257 1129 1371 1168 dulcia,

1018 1174 1148 1206 Ditatur
1172 1175 1395 1209 abundantius.

918 1251 948 1262 ..
975 1231 1135 1262 Creatoris
1159 1230 1340 1262 benedictio

973 1277 1072 1309 Beato
1097 1277 1185 1308 venit
1209 1278 1367 1318 Petronio,

974 1324 1055 1356 Nam
1081 1327 1172 1364 pater
1198 1327 1266 1356 erat
1290 1334 1474 1366 pauperum,

972 1371 1095 1411 Largus
1123 1374 1158 1402 ut
1181 1372 1287 1403 lumen
1311 1373 1462 1411 siderum,

973 1419 1069 1458 Quem
1095 1419 1279 1458 magnitudo
1305 1428 1436 1459 operum

974 1466 1081 1499 Civem
1105 1467 1294 1498 monstravit
1318 1475 1476 1506 superum.

1108 1540 1315 1576 Responsoria.

940 1623 947 1630 .
975 1598 1168 1631 Coelestinus
1194 1597 1338 1637 pontifex

1022 1645 1161 1677 Concilio
1186 1647 1338 1686 narravit,

973 1693 1064 1732 Quod
1089 1692 1150 1723 sibi
1175 1694 1337 1731 apostolus

1020 1741 1134 1772 Petrus
1162 1740 1326 1781 revelavit,

974 1787 1063 1825 Quod
1086 1787 1218 1818 audiens
1244 1788 1408 1819 consilium

974 1833 1125 1874 Prorupit
1147 1834 1180 1864 in
1206 1835 1391 1878 tripudium,

1020 1882 1178 1915 Christum
1205 1881 1428 1922 magnificavit.

933 1954 940 1961 .
976 1928 1184 1969 Confitemini
1215 1929 1358 1962 Domino
1385 1934 1413 1963 et
1438 1930 1525 1963 invo-

973 1980 1041 2009 cate
1087 1985 1206 2008 women
1252 1977 1343 2020 ejus,
1392 1982 1526 2010 ozai-rate

972 2025 1084 2056 omnia
1107 2023 1278 2056 mirabilia
1306 2025 1385 2065 effus.

942 2106 948 2113 .
970 2081 1088 2114 Beatus
1111 2079 1281 2113 Petronius

1018 2138 1052 2161 se
1076 2129 1239 2169 indignum
1265 2130 1409 2170 credens,

972 2178 1161 2210 Provolutus
1186 2176 1323 2216 pedibus

1019 2224 1191 2258 Coelestini
1216 2232 1360 2264 gemens:

973 2273 1020 2305 Ut
1042 2272 1186 2311 injuncta
1209 2271 1329 2302 valeam

1024 2327 1121 2350 onera
1145 2320 1285 2359 portare,

975 2366 1092 2406 Inquit,
1118 2369 1210 2404 pater
1235 2366 1362 2405 optime,

1020 2412 1140 2445 meritis
1165 2413 1339 2454 praeclare,
