1652 2615
719 140 951 176 —53-

629 232 668 263 16.
699 233 742 264 De
761 234 855 265 hoata
876 234 976 266 Maria
994 235 1029 266 V.

322 297 366 328 In
394 298 424 333 1.
451 300 667 341 Vesperis.

401 373 600 410 Antiphonae.

219 453 226 459 .
252 427 349 469 Ecce,
375 431 509 469 pulchra
533 433 622 464 velut
645 433 721 464 luna

250 474 370 507 Forma
395 478 495 509 claret
519 480 607 518 virgo
630 489 703 522 una,

252 522 329 561 Ipsa
352 530 456 555 mater
480 527 580 557 nostri
604 526 676 566 Dei,

250 568 463 602 Decantemus
489 581 563 612 ergo
586 573 625 604 ei.

217 652 223 657 .
250 626 339 657 Inter
363 625 458 658 flores
480 629 566 660 velut
589 638 663 661 rosa

250 673 473 705 Praerubescit
494 676 648 715 speciosa,

250 719 304 751 Sic
325 720 357 751 in
384 721 504 752 cunetis
529 722 609 754 haec
632 723 740 762 puella

250 767 346 799 Clara
369 766 469 808 fulget
492 768 575 800 sicut
596 770 698 802 stella.

215 849 222 856 .
248 822 355 854 Thure
380 824 478 855 vestis
501 826 703 865 praeodorat,

249 870 290 902 Os
314 870 415 909 ipsius
439 869 529 903 favos
554 876 651 910 rorat,

246 917 313 949 Mel
340 921 370 949 et
394 918 445 949 lac
469 918 527 950 sub
555 920 621 958 eJ'us
647 920 764 962 lingua,

246 964 322 1003 Ipsa
345 974 420 997 vere
445 969 493 997 est
516 967 661 1006 benigna.

212 1047 219 1054 .
247 1021 345 1059 Quem
370 1022 449 1053 haec
474 1023 562 1062 virgo
582 1024 744 1062 generavit

243 1068 286 1100 Et
312 1069 353 1100 de
376 1069 460 1100 lacte
484 1078 539 1101 suo
563 1070 662 1109 pavit,

250 1116 375 1148 Sanctis
401 1119 505 1147 exstat
527 1117 706 1156 paradisuS,

245 1162 326 1194 Sunt
349 1162 444 1202 beati,
471 1162 583 1202 quibus
609 1163 703 1195 visus,

210 1244 218 1250 .
244 1218 334 1250 Haec
363 1222 411 1249 est
434 1227 509 1249 vere
534 1217 605 1249 fons
631 1219 792 1249 hortorum

242 1265 286 1297 Et
314 1266 401 1305 origo
425 1265 620 1307 gaudiorum,

241 1313 322 1345 Inde
344 1311 414 1344 fluit
435 1316 471 1343 ut
494 1321 645 1352 aquarum

243 1360 343 1392 Nobis
367 1368 449 1392 vena
472 1360 655 1400 gratiarum.

304 1483 366 1515 Ad
391 1482 655 1516 Matutinum.

371 1558 584 1585 Invitatorium.

237 1617 276 1648 1n
297 1616 398 1655 jubilo
425 1615 488 1647 dici

264 1663 360 1695 debet
381 1663 451 1694 laus
474 1663 600 1694 Mariae
625 1663 789 1702 genetrici,

239 1710 325 1749 Quae
349 1710 436 1749 parit
460 1709 580 1749 absque
603 1710 670 1740 viro

286 1757 417 1788 verbum
441 1756 542 1795 patris
568 1756 680 1787 ordine
697 1757 787 1788 miro.

295 1871 343 1903 In
369 1871 399 1903 1.
427 1870 658 1901 Nocturno.

380 1944 575 1980 Antiphonae.

204 2030 211 2036 .
237 2005 308 2038 Hoc
325 2007 374 2035 est,
388 2012 511 2039 nomen,
527 2002 611 2042 quod
624 2002 785 2040 miramur,

234 2052 291 2091 Te,
317 2060 409 2091 quem
433 2051 535 2083 Deum
561 2052 785 2089 protestamur,

236 2100 438 2131 Incarnatum
462 2105 660 2130 veneramur.

202 2184 209 2190 .
235 2156 274 2188 In
298 2156 359 2187 hac
382 2154 490 2187 forme.
512 2157 577 2185 tam
604 2152 680 2184 exili

236 2204 286 2235 Tu
309 2203 469 2243 procedis,
495 2201 597 2240 patris
622 2198 680 2238 fili,

235 2250 406 2290 Tamquam
433 2256 567 2288 sponsus
594 2248 634 2279 de
658 2245 765 2278 cubili.

203 2332 211 2339 .
236 2307 358 2338 Valvae
382 2305 494 2339 matris
518 2303 701 2343 integrales,

235 2353 333 2385 Nullo
356 2354 425 2385 viro
452 2351 643 2391 subjugales,

235 2400 308 2432 Hae
332 2402 406 2435 sunt
429 2402 541 2438 portae
565 2396 751 2429 aeternales.

877 362 893 393 1

862 1709 879 1740 1

859 1861 879 1892 2

1074 303 1280 339 Responsoria.

900 388 907 394 .
933 362 1013 401 Ave,
1043 364 1138 400 porta
1160 361 1298 402 Domini,

980 416 1060 447 quae
1083 417 1241 447 nunquam
1265 411 1388 449 aperta,

933 455 981 485 Tu
1006 455 1127 486 aeterni
1151 455 1277 486 luminis

979 504 1080 533 mater
1105 510 1137 533 es
1162 505 1303 541 reperta,

933 548 1093 580 Castitatis
1118 549 1219 587 gloria

977 598 1181 634 permanente
1206 598 1300 629 certa.

928 642 1035 680 Ipsum
1059 642 1156 673 solem
1182 643 1287 674 clarae
1311 642 1390 672 lucis

929 688 1131 720 Incarnatum
1158 688 1227 720 orbi
1254 689 1351 720 ducis.

928 745 966 776 In
992 747 1130 775 extremo
1156 746 1298 783 tempore

975 790 1066 821 nobis
1092 791 1235 821 revelare

930 836 1006 869 Cum
1031 837 1091 868 1100
1117 837 1201 868 dulci
1227 837 1329 878 titulo,

973 892 1032 923 quo
1057 884 1307 923 praenominare,

928 931 1034 962 Mater
1059 930 1305 973 misericordiae,

974 986 1049 1009 cura
1073 986 1129 1009 nos
1155 978 1289 1008 salvare.

924 1024 1031 1063 Adsis,
1057 1025 1121 1063 pia,
1147 1027 1274 1055 nostrae
1298 1024 1390 1055 morti

925 1070 990 1101 Nos
1020 1073 1199 1102 sanctorum
1222 1071 1357 1110 jungens
1383 1071 1471 1104 sorti,

889 1150 896 1156 .
924 1125 1070 1163 Quamvis
1098 1131 1223 1157 sanctos
1249 1127 1376 1165 angelos

970 1172 1067 1203 habes
1092 1172 1272 1213 servitores,

922 1219 989 1250 Nos
1014 1221 1120 1250 tamen
1142 1219 1279 1258 recipias

969 1274 1077 1296 servos
1105 1268 1288 1304 peccatores

922 1312 1059 1351 Propter
1082 1314 1152 1343 tuos
1177 1312 1320 1351 humiles,

968 1369 986 1391 0
1012 1359 1131 1399 regina,
1157 1367 1269 1391 moreS.

919 1407 1111 1445 imperatrix
1135 1406 1328 1446 angelorum,

918 1453 989 1485 Due
1011 1453 1053 1485 ad
1077 1462 1205 1493 regnum
1231 1462 1289 1484 nos
1313 1452 1469 1492 polorum.

979 1576 1024 1608 In
1051 1579 1083 1610 2.
1108 1576 1340 1608 Nocturno.

1060 1651 1255 1686 Antiphonae.

886 1732 893 1738 .
920 1709 1017 1740 Partu
1042 1707 1121 1739 felix
1143 1708 1271 1739 illibata

919 1756 990 1787 Stat,
1014 1756 1126 1794 regina
1152 1757 1302 1786 coronata

918 1803 955 1834 In
982 1802 1099 1833 vestitu
1123 1801 1284 1833 deaurata.

883 1885 889 1891 .
912 1858 1001 1891 Sicut
1028 1859 1169 1898 psalmus
1194 1858 1247 1889 1110
1270 1860 1419 1899 testatur,

917 1906 978 1938 Dei
1000 1906 1090 1938 vultu
1114 1906 1296 1944 adjuvatur,

919 1955 1018 1993 Quem
1045 1954 1079 1985 in
1104 1962 1201 1993 regno
1228 1952 1470 1991 contemplatur.

914 2011 1019 2051 Digne
1044 2010 1164 2042 cunctis
1189 2008 1411 2049 praeferenda,

915 2058 965 2090 De
987 2060 1029 2096 te,
1056 2058 1145 2097 virgo
1169 2057 1355 2096 reverenda,

917 2105 1063 2137 Gloriosa
1087 2107 1161 2136 sunt
1187 2104 1332 2137 dicenda.

1051 2198 1257 2232 Responsoria.

915 2256 994 2294 Ave,
1021 2254 1135 2286 summi
1159 2253 1287 2285 Domini

963 2310 1079 2341 sponsa
1104 2300 1287 2337 Sunamitis,

916 2349 1005 2380 Inter
1029 2356 1136 2380 omnes
1160 2346 1283 2377 nobiles

964 2404 997 2426 es
1023 2403 1102 2434 prae
1127 2393 1248 2424 cunctis
1272 2392 1369 2431 mitis,
