1652 2615
708 98 967 131 *276*

261 200 298 231 In
324 207 385 237 qua
408 206 466 237 pro
488 195 616 227 summis

309 246 429 277 laetare
451 243 569 275 Sabina
588 240 766 279 triumphis.

209 304 240 334 3.
267 300 402 332 Vocibus
427 301 457 331 et
481 297 611 339 psalmis

312 348 469 386 sapientes
486 344 614 384 psallite
637 342 747 379 sancti,

266 395 349 432 (Quos
372 392 524 424 Dominus
548 390 633 421 vitae

312 438 439 471 comites
469 437 546 469 facit
570 444 637 467 esse
662 433 806 467 Sabinae.

400 492 603 526 Responsoria.

213 540 241 571 1.
272 537 379 569 Vincla
404 536 464 567 tuis
489 534 634 576 precibus

312 583 411 615 nostri
435 582 570 613 dissolve
593 581 708 617 reatus,

267 630 317 662 Ne
340 638 396 661 nos
421 637 477 668 pro
504 627 595 666 culpa

314 677 429 716 perdat
451 675 503 706 lex
524 673 640 713 judicis
664 672 740 713 ulla,

202 724 240 758 V.
272 723 305 756 Si
329 722 456 762 poteris,
482 720 614 759 veniam,

316 769 434 809 poteris
456 768 537 799 bene
560 773 699 806 poscere,
728 774 811 796 cura.

217 829 246 861 2,
273 825 429 860 Judicium
456 832 563 855 verum

316 871 488 910 trepidanti
514 870 608 901 corde
631 869 784 909 timemus,

275 918 403 957 Quando
426 917 513 949 Deus
534 918 639 948 sontes

321 969 352 996 et
372 965 472 1003 justos
493 963 617 1003 judicat
638 969 744 993 omnes

204 1012 241 1045 V.
270 1011 381 1043 Nostri
404 1009 465 1049 fac,
490 1010 633 1050 petimus,

318 1065 470 1088 memores
493 1058 528 1087 in
551 1055 612 1088 fine
638 1054 770 1086 dierum.

219 1116 250 1147 3.
275 1112 459 1145 Pectoribus
482 1111 598 1143 nostris

321 1167 410 1199 spem
435 1160 526 1197 dona,
555 1157 698 1188 conditor
722 1155 818 1198 orbis,

278 1207 408 1246 Semper
432 1208 463 1236 et
486 1204 570 1237 adde
592 1203 687 1234 fidem

323 1251 442 1283 meritis
452 1251 658 1292 precibusque
667 1248 801 1280 Sabinae
812 1258 820 1288 ς

209 1301 247 1333 V.
276 1299 373 1331 Adsit
397 1306 483 1329 amor
508 1305 609 1336 verm,

324 1344 456 1378 Veneris
481 1343 534 1382 qui
558 1343 628 1382 lege
648 1341 786 1381 jubetur.

369 1420 414 1450 Iu
438 1416 667 1450 Laudibus

423 1472 614 1508 Antiphonae.

225 1520 254 1551 1.
281 1518 432 1549 Induerat
455 1519 486 1546 te
510 1523 567 1546 rex

329 1564 446 1594 cinctus
471 1562 587 1593 virtute
610 1560 764 1600 decorem,

933 189 1080 222 Justitiae
1104 188 1216 227 pannis

980 244 1036 267 nos
1060 235 1168 274 indue,
1193 234 1330 266 maxima
1351 233 1480 270 martyr.

877 304 909 334 2.
936 300 1010 332 Rite
1033 299 1102 331 Deo
1125 299 1243 338 jubilat,

981 348 1065 378 laeto
1087 347 1153 385 jam
1178 345 1275 375 cordo
1299 343 1425 384 Sabina,

934 393 1013 432 Ejus
1041 392 1075 423 in
1099 392 1255 429 adspectu

982 447 1062 479 quae
1086 438 1132 470 sic
1156 438 1278 468 intrare
1302 437 1452 467 meretur.

879 507 910 538 3.
937 506 1021 537 Ante
1044 503 1146 535 Deum
1170 502 1282 541 vigilat

983 551 1062 583 felix
1087 551 1128 582 de
1149 550 1221 581 luce
1245 547 1373 585 Sabina,

936 599 974 630 In
998 607 1058 637 quo
1083 605 1176 637 quam
1199 595 1329 627 nimium

983 653 1070 676 mens
1105 646 1215 675 sancta
1239 642 1385 675 sitiverat
1409 641 1485 679 ejus.

882 714 912 745 4.
940 711 1061 749 Quanta
1085 709 1187 741 tribus
1211 708 1319 747 pueris

986 758 1075 798 ignes
1099 756 1240 788 tribuere
1264 754 1388 796 camini,

940 804 1043 836 Tanta
1066 803 1126 835 tibi
1149 802 1257 834 miseri

986 852 1143 882 tormenta
1169 849 1286 880 dedere
1309 846 1450 887 tyranni.

886 919 917 950 5.
945 916 1064 958 Gloria,
1091 916 1167 956 vita,
1195 916 1289 947 decus

989 963 1107 995 sanctis
1133 965 1181 994 est
1204 961 1348 993 omnibus
1372 960 1451 999 eJ'uS‚

946 1010 1022 1042 Cum
1046 1009 1158 1049 quibus
1182 1017 1216 1040 es
1241 1016 1367 1047 semper

990 1056 1087 1088 vitam
1108 1056 1221 1088 sortita
1244 1062 1425 1094 perennem.

1055 1157 1100 1184 Ad
1120 1157 1302 1185 Benedictus.

876 1234 915 1267 A.
946 1233 1039 1272 Ecce,
1066 1235 1153 1264 tuum
1177 1233 1276 1264 roseis

994 1279 1200 1319 superaddita
1222 1279 1291 1311 lilia
1316 1279 1409 1311 sertis

948 1326 1114 1358 Exornant
1136 1326 1264 1357 illustre
1288 1329 1393 1367 caput,

994 1374 1089 1405 timor
1114 1375 1162 1405 est
1184 1373 1245 1404 tibi
1268 1373 1373 1405 nullus

948 1419 1067 1451 Hostili
1097 1419 1223 1459 direpta
1244 1428 1348 1462 manu,

993 1475 1052 1498 nos
1076 1475 1180 1508 cerne⁷
1205 1475 1382 1507 precamur,

951 1514 1081 1553 Semper
1106 1515 1138 1544 et
1163 1523 1182 1545 a
1205 1514 1321 1545 uostris

997 1562 1080 1591 tutos
1106 1558 1175 1592 fore
1199 1558 1250 1591 fac
1274 1559 1420 1593 inimicis

288 1618 355 1646 Cod.
377 1617 509 1645 Oasinen.
536 1613 599 1643 280.
624 1622 698 1642 saec.
720 1612 763 1641 11.
783 1628 820 1632 —
845 1614 886 1641 In
907 1612 931 1641 1,
951 1614 1056 1649 Vesp.
1078 1612 1100 1640 Α
1123 1611 1148 1648 2,
1169 1612 1189 1642 4
1207 1622 1260 1641 nos
1280 1614 1350 1642 fore.
1370 1628 1408 1633 ——-
1427 1614 1498 1642 Ver-

214 1657 305 1684 fasser
325 1655 374 1682 des
395 1653 549 1687 Officiums,
572 1654 660 1679 sowie
680 1651 729 1679 der
748 1650 942 1687 zugehorigen
952 1651 1089 1685 Hymnen
1103 1650 1162 1686 (cfr.
1178 1648 1264 1679 Anal.
1278 1652 1374 1685 XXII,
1385 1649 1451 1685 224)
1460 1654 1501 1680 ist

214 1693 345 1721 Alfauo
362 1700 431 1719 von
453 1690 615 1718 Salerno.
645 1690 686 1716 Er
703 1689 815 1716 schrieb
830 1688 962 1716 dasselbe
982 1688 1030 1716 fiir
1054 1690 1154 1717 seinen
1166 1689 1281 1717 Freund
1299 1689 1499 1725 Pandfflphus,

215 1729 334 1758 Bisehof
352 1738 412 1756 von
429 1729 535 1755 Marsi.
556 1728 621 1754 dem
642 1735 673 1754 er
695 1735 726 1753 es
744 1727 799 1753 mit
817 1726 896 1753 einer
915 1725 1096 1753 Dedikation
1113 1735 1173 1753 von
1191 1725 1227 1754 41
1248 1727 1401 1754 Distiehen
1418 1726 1500 1761 (God.

217 1768 341 1796 Casinen
365 1764 419 1794 280
443 1765 492 1793 fol.
522 1763 557 1792 78
577 1765 606 1798 b)
624 1764 805 1796 iibersandte,
825 1763 933 1791 welche
950 1764 1005 1789 mit
1024 1763 1079 1790 den
1097 1765 1219 1792 Worten
1238 1764 1359 1792 Praesul
1380 1765 1502 1792 amande

216 1807 310 1840 magis
330 1805 474 1839 beginnen
494 1802 553 1829 und
572 1802 664 1829 worin
685 1810 715 1828 es
734 1809 762 1828 u.
784 1808 809 1827 a.
829 1800 925 1827 heisst:

474 1840 540 1867 Vox
558 1843 610 1867 tua
628 1848 674 1866 me
692 1839 812 1871 monuit,
832 1839 941 1872 pariter
960 1838 1101 1866 monendo
1121 1840 1244 1874 rogavit,

510 1877 628 1905 Laudes
648 1876 774 1904 Sabinae
792 1877 929 1910 martyris
947 1878 982 1902 ut
999 1884 1140 1903 canerem.

215 1918 276 1945 Das
298 1915 428 1944 Officium
453 1915 529 1942 steht
555 1916 587 1941 in
609 1915 658 1941 der
676 1914 730 1941 Hs.
750 1913 832 1941 nicht
849 1914 881 1940 in
901 1913 951 1940 der
969 1913 1033 1940 hier
1053 1913 1272 1949 eingehaltenen
1292 1913 1444 1950 Ordnung3
1473 1924 1502 1943 es

216 1954 313 1990 folgen
341 1952 480 1980 vielmehr
511 1952 563 1979 auf
591 1952 642 1978 das
665 1952 867 1979 Invita-‘corium
899 1950 1040 1978 zunac-hst
1070 1950 1221 1979 samtliche
1244 1952 1430 1987 Antiphonen
1455 1952 1505 1980 der

216 1992 383 2020 Noctumen
406 1990 466 2017 und
490 1989 540 2017 der
564 1988 692 2022 Laudes,
719 1988 796 2015 daun
820 1987 972 2015 siimtliche
991 1988 1206 2024 Responsorien
1230 1989 1291 2017 und
1318 1989 1434 2017 endlich
1458 1990 1506 2018 die

217 2029 403 2064 Antiphonen
421 2027 470 2054 der
491 2027 607 2062 Vesper.

651 2116 695 2147 97.
725 2115 768 2147 De
787 2116 891 2147 sancto
912 2115 1076 2147 Theodoro.

354 2189 400 2221 In
425 2187 456 2221 1.
482 2186 697 2226 Vesperis.

394 2242 440 2270 Ad
458 2241 637 2277 Magnificat.

219 2288 259 2320 A.
286 2286 461 2328 Theodora,
486 2294 544 2318 nos
568 2285 652 2327 audi,

289 2335 404 2366 Preces
426 2335 551 2366 nostras
575 2332 692 2365 exaudi

959 2187 997 2219 In
1024 2187 1085 2218 hae
1106 2186 1199 2218 domo
1222 2186 1390 2218 salvatoris

960 2234 1090 2273 Semper
1115 2236 1148 2265 et
1169 2233 1204 2264 in
1228 2233 1349 2265 eunctis
1372 2234 1470 2275 horis,

961 2280 1020 2319 Qui
1046 2280 1214 2312 draconem
1237 2281 1463 2314 transvibrasti

959 2328 1009 2358 Ac
1032 2328 1064 2359 in
1089 2327 1199 2367 poenis
1222 2327 1436 2368 triumphasti.
