<?xml version="1.0" encoding="UTF-8"?>
<!DOCTYPE html PUBLIC "-//W3C//DTD XHTML 1.0 Transitional//EN"
    "http://www.w3.org/TR/xhtml1/DTD/xhtml1-transitional.dtd">
<html xmlns="http://www.w3.org/1999/xhtml" xml:lang="en" lang="en">
 <head>
  <title>
</title>
<meta http-equiv="Content-Type" content="text/html;charset=utf-8" />
  <meta name='ocr-system' content='tesseract 3.04.00' />
  <meta name='ocr-capabilities' content='ocr_page ocr_carea ocr_par ocr_line ocrx_word'/>
</head>
<body>
  <div class='ocr_page' id='page_1' title='image "./analectahymnica24drevuoft_00271.png"; bbox 0 0 1652 2615; ppageno 0'>
   <div class='ocr_carea' id='block_1_1' title="bbox 689 122 945 156">
    <p class='ocr_par' dir='ltr' id='par_1_1' title="bbox 689 122 945 156">
     <span class='ocr_line' id='line_1_1' title="bbox 689 122 945 156; baseline 0 0"><span class='ocrx_word' id='word_1_1' title='bbox 689 122 850 156; x_wconf 77' lang='lat'>-268</span> <span class='ocrx_word' id='word_1_2' title='bbox 898 141 945 145; x_wconf 97' lang='lat'><strong>—</strong></span> 
     </span>
    </p>
   </div>
   <div class='ocr_carea' id='block_1_2' title="bbox 193 212 1469 258">
    <p class='ocr_par' dir='ltr' id='par_1_2' title="bbox 193 212 1469 258">
     <span class='ocr_line' id='line_1_2' title="bbox 193 212 1469 258; baseline -0.007 -6"><span class='ocrx_word' id='word_1_3' title='bbox 193 222 223 253; x_wconf 83' lang='lat'>3.</span> <span class='ocrx_word' id='word_1_4' title='bbox 250 220 327 252; x_wconf 78' lang='lat' dir='ltr'>Non.</span> <span class='ocrx_word' id='word_1_5' title='bbox 362 219 431 258; x_wconf 85' lang='lat' dir='ltr'>pius</span> <span class='ocrx_word' id='word_1_6' title='bbox 467 218 567 251; x_wconf 78' lang='lat' dir='ltr'>laedit</span> <span class='ocrx_word' id='word_1_7' title='bbox 602 218 705 257; x_wconf 80' lang='lat' dir='ltr'>liquor</span> <span class='ocrx_word' id='word_1_8' title='bbox 739 219 793 248; x_wconf 82' lang='lat' dir='ltr'>aut</span> <span class='ocrx_word' id='word_1_9' title='bbox 850 215 889 249; x_wconf 83' lang='lat' dir='ltr'>V.</span> <span class='ocrx_word' id='word_1_10' title='bbox 919 216 1005 248; x_wconf 81' lang='lat' dir='ltr'>Pane</span> <span class='ocrx_word' id='word_1_11' title='bbox 1032 224 1090 247; x_wconf 87' lang='lat' dir='ltr'>nos</span> <span class='ocrx_word' id='word_1_12' title='bbox 1117 215 1200 247; x_wconf 86' lang='lat' dir='ltr'>duloi</span> <span class='ocrx_word' id='word_1_13' title='bbox 1225 212 1350 253; x_wconf 73' lang='lat' dir='ltr'>refove,</span> <span class='ocrx_word' id='word_1_14' title='bbox 1385 213 1469 244; x_wconf 76' lang='lat' dir='ltr'>salu-</span> 
     </span>
    </p>
   </div>
   <div class='ocr_carea' id='block_1_3' title="bbox 178 262 1472 1169">
    <p class='ocr_par' dir='ltr' id='par_1_3' title="bbox 178 262 1472 1169">
     <span class='ocr_line' id='line_1_3' title="bbox 566 262 1330 296; baseline -0.004 -1"><span class='ocrx_word' id='word_1_15' title='bbox 566 264 686 296; x_wconf 83' lang='lat' dir='ltr'>eburna</span> <span class='ocrx_word' id='word_1_16' title='bbox 1242 262 1330 293; x_wconf 87' lang='lat' dir='ltr'>brem</span> 
     </span>
     <span class='ocr_line' id='line_1_4' title="bbox 245 308 1453 346; baseline -0.007 -1"><span class='ocrx_word' id='word_1_17' title='bbox 245 312 389 346; x_wconf 85' lang='lat' dir='ltr'>Membra</span> <span class='ocrx_word' id='word_1_18' title='bbox 425 315 486 343; x_wconf 88' lang='lat' dir='ltr'>tam</span> <span class='ocrx_word' id='word_1_19' title='bbox 524 312 659 343; x_wconf 77' lang='lat' dir='ltr'>candens</span> <span class='ocrx_word' id='word_1_20' title='bbox 691 312 792 342; x_wconf 88' lang='lat' dir='ltr'>oleum</span> <span class='ocrx_word' id='word_1_21' title='bbox 918 311 1035 341; x_wconf 83' lang='lat' dir='ltr'>Aerem</span> <span class='ocrx_word' id='word_1_22' title='bbox 1060 317 1144 346; x_wconf 83' lang='lat' dir='ltr'>cura,</span> <span class='ocrx_word' id='word_1_23' title='bbox 1170 308 1323 339; x_wconf 82' lang='lat' dir='ltr'>scelerum</span> <span class='ocrx_word' id='word_1_24' title='bbox 1349 310 1453 338; x_wconf 83' lang='lat' dir='ltr'>reatus</span> 
     </span>
     <span class='ocr_line' id='line_1_5' title="bbox 568 356 1467 396; baseline -0.004 -8"><span class='ocrx_word' id='word_1_25' title='bbox 568 366 628 388; x_wconf 83' lang='lat' dir='ltr'>neo</span> <span class='ocrx_word' id='word_1_26' title='bbox 651 357 731 396; x_wconf 82' lang='lat' dir='ltr'>ignis</span> <span class='ocrx_word' id='word_1_27' title='bbox 911 356 988 394; x_wconf 73' lang='lat' dir='ltr'>,Qua</span> <span class='ocrx_word' id='word_1_28' title='bbox 1011 356 1097 387; x_wconf 83' lang='lat' dir='ltr'>vales</span> <span class='ocrx_word' id='word_1_29' title='bbox 1123 363 1222 394; x_wconf 81' lang='lat' dir='ltr'>purga</span> <span class='ocrx_word' id='word_1_30' title='bbox 1244 363 1358 396; x_wconf 72' lang='lat' dir='ltr'>prece,</span> <span class='ocrx_word' id='word_1_31' title='bbox 1383 361 1467 384; x_wconf 83' lang='lat' dir='ltr'>mar-</span> 
     </span>
     <span class='ocr_line' id='line_1_6' title="bbox 247 403 1404 445; baseline -0.006 -8"><span class='ocrx_word' id='word_1_32' title='bbox 247 406 327 445; x_wconf 83' lang='lat' dir='ltr'>Quid</span> <span class='ocrx_word' id='word_1_33' title='bbox 358 405 415 444; x_wconf 90' lang='lat' dir='ltr'>pili</span> <span class='ocrx_word' id='word_1_34' title='bbox 440 405 541 443; x_wconf 82' lang='lat' dir='ltr'>tangit</span> <span class='ocrx_word' id='word_1_35' title='bbox 565 404 700 445; x_wconf 86' lang='lat' dir='ltr'>minimi,</span> <span class='ocrx_word' id='word_1_36' title='bbox 732 412 791 442; x_wconf 88' lang='lat' dir='ltr'>pu·</span> <span class='ocrx_word' id='word_1_37' title='bbox 1241 404 1303 442; x_wconf 86' lang='lat' dir='ltr'>tyr,</span> <span class='ocrx_word' id='word_1_38' title='bbox 1331 403 1404 431; x_wconf 85' lang='lat' dir='ltr'>ante</span> 
     </span>
     <span class='ocr_line' id='line_1_7' title="bbox 571 447 1204 482; baseline -0.005 -1"><span class='ocrx_word' id='word_1_39' title='bbox 571 450 678 482; x_wconf 85' lang='lat' dir='ltr'>dorem</span> <span class='ocrx_word' id='word_1_40' title='bbox 966 448 1090 481; x_wconf 76' lang='lat' dir='ltr'>Judiois</span> <span class='ocrx_word' id='word_1_41' title='bbox 1113 447 1204 478; x_wconf 81' lang='lat' dir='ltr'>iram.</span> 
     </span>
     <span class='ocr_line' id='line_1_8' title="bbox 290 498 1212 536; baseline -0.01 -6"><span class='ocrx_word' id='word_1_42' title='bbox 290 498 433 530; x_wconf 84' lang='lat' dir='ltr'>Flamma</span> <span class='ocrx_word' id='word_1_43' title='bbox 460 500 596 530; x_wconf 84' lang='lat' dir='ltr'>veretur.</span> <span class='ocrx_word' id='word_1_44' title='bbox 1206 531 1212 536; x_wconf 93' lang='lat'>.</span> 
     </span>
     <span class='ocr_line' id='line_1_9' title="bbox 178 531 1309 585; baseline -0.004 -9"><span class='ocrx_word' id='word_1_45' title='bbox 178 544 218 578; x_wconf 93' lang='lat' dir='ltr'>V.</span> <span class='ocrx_word' id='word_1_46' title='bbox 248 545 388 585; x_wconf 80' lang='lat' dir='ltr'>Martyr,</span> <span class='ocrx_word' id='word_1_47' title='bbox 432 553 452 575; x_wconf 87' lang='lat' dir='ltr'>a</span> <span class='ocrx_word' id='word_1_48' title='bbox 488 552 626 585; x_wconf 80' lang='lat' dir='ltr'>summo⁷</span> <span class='ocrx_word' id='word_1_49' title='bbox 666 551 789 582; x_wconf 82' lang='lat' dir='ltr'>precor,</span> <span class='ocrx_word' id='word_1_50' title='bbox 1006 533 1054 564; x_wconf 75' lang='lat'>111</span> <span class='ocrx_word' id='word_1_51' title='bbox 1079 531 1309 563; x_wconf 67' lang='lat' dir='ltr'>Landlbus·</span> 
     </span>
     <span class='ocr_line' id='line_1_10' title="bbox 567 590 1256 630; baseline -0.001 -8"><span class='ocrx_word' id='word_1_52' title='bbox 567 598 625 622; x_wconf 78' lang='lat' dir='ltr'>axe</span> <span class='ocrx_word' id='word_1_53' title='bbox 649 590 745 629; x_wconf 73' lang='lat' dir='ltr'>gratis</span> <span class='ocrx_word' id='word_1_54' title='bbox 1062 595 1256 630; x_wconf 73' lang='lat' dir='ltr'>Antiphonae.</span> 
     </span>
     <span class='ocr_line' id='line_1_11' title="bbox 249 636 1383 685; baseline -0.005 -15"><span class='ocrx_word' id='word_1_55' title='bbox 249 638 389 670; x_wconf 69' lang='lat' dir='ltr'>Gratiam</span> <span class='ocrx_word' id='word_1_56' title='bbox 429 645 488 676; x_wconf 78' lang='grc' dir='ltr'>ΡΘΓ</span> <span class='ocrx_word' id='word_1_57' title='bbox 519 639 551 668; x_wconf 71' lang='lat' dir='ltr'>te</span> <span class='ocrx_word' id='word_1_58' title='bbox 583 636 673 668; x_wconf 73' lang='lat' dir='ltr'>nObiS</span> <span class='ocrx_word' id='word_1_59' title='bbox 706 636 790 668; x_wconf 73' lang='lat' dir='ltr'>OsbiS</span> <span class='ocrx_word' id='word_1_60' title='bbox 919 645 990 677; x_wconf 76' lang='lat' dir='ltr'>Non</span> <span class='ocrx_word' id='word_1_61' title='bbox 1016 643 1071 682; x_wconf 70' lang='lat' dir='ltr'>Sic,</span> <span class='ocrx_word' id='word_1_62' title='bbox 1099 643 1210 685; x_wconf 65' lang='lat' dir='ltr'>Potite,</span> <span class='ocrx_word' id='word_1_63' title='bbox 1238 644 1383 674; x_wconf 69' lang='lat' dir='ltr'>cinnama</span> 
     </span>
     <span class='ocr_line' id='line_1_12' title="bbox 568 686 1363 730; baseline -0.005 -7"><span class='ocrx_word' id='word_1_64' title='bbox 568 686 677 715; x_wconf 63' lang='lat' dir='ltr'>auctor</span> <span class='ocrx_word' id='word_1_65' title='bbox 919 691 1040 722; x_wconf 84' lang='lat' dir='ltr'>Attrita</span> <span class='ocrx_word' id='word_1_66' title='bbox 1063 691 1196 730; x_wconf 81' lang='lat' dir='ltr'><strong>spirant,</strong></span> <span class='ocrx_word' id='word_1_67' title='bbox 1223 689 1363 721; x_wconf 87' lang='lat' dir='ltr'>moribus</span> 
     </span>
     <span class='ocr_line' id='line_1_13' title="bbox 250 728 1337 771; baseline -0.005 -8"><span class='ocrx_word' id='word_1_68' title='bbox 250 732 393 764; x_wconf 76' lang='lat' dir='ltr'><strong>Praestet</strong></span> <span class='ocrx_word' id='word_1_69' title='bbox 404 739 442 762; x_wconf 85' lang='lat' dir='ltr'>ac</span> <span class='ocrx_word' id='word_1_70' title='bbox 454 730 552 762; x_wconf 73' lang='lat' dir='ltr'>sacris</span> <span class='ocrx_word' id='word_1_71' title='bbox 562 728 790 769; x_wconf 83' lang='lat' dir='ltr'>faveatpuellis</span> <span class='ocrx_word' id='word_1_72' title='bbox 919 738 965 771; x_wconf 63' lang='lat' dir='ltr'>Ut</span> <span class='ocrx_word' id='word_1_73' title='bbox 988 740 1022 769; x_wconf 68' lang='lat' dir='ltr'>tu</span> <span class='ocrx_word' id='word_1_74' title='bbox 1046 737 1198 769; x_wconf 67' lang='lat' dir='ltr'>modestis</span> <span class='ocrx_word' id='word_1_75' title='bbox 1222 734 1337 768; x_wconf 67' lang='lat' dir='ltr'>florida</span> 
     </span>
     <span class='ocr_line' id='line_1_14' title="bbox 295 776 1340 825; baseline -0.005 -6"><span class='ocrx_word' id='word_1_76' title='bbox 295 777 429 809; x_wconf 71' lang='lat' dir='ltr'>Numine</span> <span class='ocrx_word' id='word_1_77' title='bbox 451 776 563 809; x_wconf 67' lang='lat' dir='ltr'>faUStO·</span> <span class='ocrx_word' id='word_1_78' title='bbox 920 787 1033 817; x_wconf 81' lang='lat' dir='ltr'>Aetate</span> <span class='ocrx_word' id='word_1_79' title='bbox 1057 783 1180 825; x_wconf 82' lang='lat' dir='ltr'>fragras</span> <span class='ocrx_word' id='word_1_80' title='bbox 1205 783 1340 814; x_wconf 79' lang='lat' dir='ltr'>saeculo.</span> 
     </span>
     <span class='ocr_line' id='line_1_15' title="bbox 192 846 1287 891; baseline -0.013 -6"><span class='ocrx_word' id='word_1_81' title='bbox 192 854 223 886; x_wconf 83' lang='lat'>4.</span> <span class='ocrx_word' id='word_1_82' title='bbox 250 852 434 891; x_wconf 82' lang='lat' dir='ltr'>centuplum</span> <span class='ocrx_word' id='word_1_83' title='bbox 464 851 601 883; x_wconf 81' lang='lat' dir='ltr'><strong>reddant</strong></span> <span class='ocrx_word' id='word_1_84' title='bbox 625 851 712 881; x_wconf 82' lang='lat' dir='ltr'>oleae</span> <span class='ocrx_word' id='word_1_85' title='bbox 735 858 794 888; x_wconf 85' lang='lat' dir='ltr'>per</span> <span class='ocrx_word' id='word_1_86' title='bbox 1032 847 1077 875; x_wconf 79' lang='lat' dir='ltr'>Ad</span> <span class='ocrx_word' id='word_1_87' title='bbox 1104 846 1287 875; x_wconf 74' lang='lat' dir='ltr'>Benedictus.</span> 
     </span>
     <span class='ocr_line' id='line_1_16' title="bbox 569 893 1469 935; baseline -0.004 -7"><span class='ocrx_word' id='word_1_88' title='bbox 569 905 646 929; x_wconf 79' lang='lat' dir='ltr'>arva</span> <span class='ocrx_word' id='word_1_89' title='bbox 849 899 889 930; x_wconf 86' lang='lat' dir='ltr'>A.</span> <span class='ocrx_word' id='word_1_90' title='bbox 920 897 981 928; x_wconf 89' lang='lat' dir='ltr'>Pro</span> <span class='ocrx_word' id='word_1_91' title='bbox 1014 896 1075 927; x_wconf 87' lang='lat' dir='ltr'>tuis</span> <span class='ocrx_word' id='word_1_92' title='bbox 1110 903 1238 935; x_wconf 82' lang='lat' dir='ltr'>regnum</span> <span class='ocrx_word' id='word_1_93' title='bbox 1270 893 1390 925; x_wconf 83' lang='lat' dir='ltr'>meritis</span> <span class='ocrx_word' id='word_1_94' title='bbox 1424 894 1469 925; x_wconf 86' lang='lat' dir='ltr'>la-</span> 
     </span>
     <span class='ocr_line' id='line_1_17' title="bbox 253 942 1352 984; baseline -0.005 -7"><span class='ocrx_word' id='word_1_95' title='bbox 253 947 374 984; x_wconf 86' lang='lat' dir='ltr'>Semen,</span> <span class='ocrx_word' id='word_1_96' title='bbox 392 946 425 976; x_wconf 89' lang='lat' dir='ltr'>in</span> <span class='ocrx_word' id='word_1_97' title='bbox 442 943 547 984; x_wconf 83' lang='lat' dir='ltr'>fruges</span> <span class='ocrx_word' id='word_1_98' title='bbox 566 943 666 976; x_wconf 77' lang='lat' dir='ltr'><strong>vireat</strong></span> <span class='ocrx_word' id='word_1_99' title='bbox 682 942 792 974; x_wconf 81' lang='lat' dir='ltr'>Faler—</span> <span class='ocrx_word' id='word_1_100' title='bbox 1245 943 1352 979; x_wconf 82' lang='lat' dir='ltr'>tinum,</span> 
     </span>
     <span class='ocr_line' id='line_1_18' title="bbox 570 983 1472 1029; baseline -0.004 -8"><span class='ocrx_word' id='word_1_101' title='bbox 570 998 652 1029; x_wconf 84' lang='lat' dir='ltr'>num,</span> <span class='ocrx_word' id='word_1_102' title='bbox 920 990 950 1021; x_wconf 81' lang='grc' dir='ltr'><strong>Α</strong></span> <span class='ocrx_word' id='word_1_103' title='bbox 962 987 1055 1029; x_wconf 81' lang='lat' dir='ltr'>fame,</span> <span class='ocrx_word' id='word_1_104' title='bbox 1075 998 1095 1020; x_wconf 77' lang='lat' dir='ltr'>a</span> <span class='ocrx_word' id='word_1_105' title='bbox 1105 988 1190 1020; x_wconf 85' lang='lat' dir='ltr'>bello</span> <span class='ocrx_word' id='word_1_106' title='bbox 1203 990 1313 1019; x_wconf 78' lang='lat' dir='ltr'>tueare</span> <span class='ocrx_word' id='word_1_107' title='bbox 1327 983 1472 1029; x_wconf 78' lang='lat' dir='ltr'>[nosque]</span> 
     </span>
     <span class='ocr_line' id='line_1_19' title="bbox 253 1035 1470 1075; baseline -0.005 -5"><span class='ocrx_word' id='word_1_108' title='bbox 253 1039 368 1070; x_wconf 82' lang='lat' dir='ltr'>Vineae</span> <span class='ocrx_word' id='word_1_109' title='bbox 389 1037 523 1069; x_wconf 81' lang='lat' dir='ltr'>fundant</span> <span class='ocrx_word' id='word_1_110' title='bbox 541 1037 704 1075; x_wconf 83' lang='lat' dir='ltr'>decuplum</span> <span class='ocrx_word' id='word_1_111' title='bbox 721 1044 792 1075; x_wconf 82' lang='lat' dir='ltr'>pre·</span> <span class='ocrx_word' id='word_1_112' title='bbox 922 1036 1051 1075; x_wconf 76' lang='lat' dir='ltr'>Quaeso,</span> <span class='ocrx_word' id='word_1_113' title='bbox 1076 1039 1112 1067; x_wconf 87' lang='lat' dir='ltr'>ut</span> <span class='ocrx_word' id='word_1_114' title='bbox 1133 1044 1152 1066; x_wconf 88' lang='lat' dir='ltr'>a</span> <span class='ocrx_word' id='word_1_115' title='bbox 1175 1038 1274 1075; x_wconf 86' lang='lat' dir='ltr'>peste,</span> <span class='ocrx_word' id='word_1_116' title='bbox 1301 1044 1321 1065; x_wconf 92' lang='lat' dir='ltr'>a</span> <span class='ocrx_word' id='word_1_117' title='bbox 1342 1035 1470 1070; x_wconf 81' lang='lat' dir='ltr'>tonitru,</span> 
     </span>
     <span class='ocr_line' id='line_1_20' title="bbox 571 1086 1419 1114; baseline -0.002 0"><span class='ocrx_word' id='word_1_118' title='bbox 571 1086 660 1114; x_wconf 82' lang='lat' dir='ltr'>cante</span> <span class='ocrx_word' id='word_1_119' title='bbox 1244 1091 1264 1113; x_wconf 78' lang='lat' dir='ltr'>a</span> <span class='ocrx_word' id='word_1_120' title='bbox 1289 1089 1419 1113; x_wconf 84' lang='lat' dir='ltr'>corusco</span> 
     </span>
     <span class='ocr_line' id='line_1_21' title="bbox 299 1128 1255 1169; baseline -0.002 -7"><span class='ocrx_word' id='word_1_121' title='bbox 299 1131 355 1169; x_wconf 84' lang='lat' dir='ltr'>Te,</span> <span class='ocrx_word' id='word_1_122' title='bbox 379 1131 431 1169; x_wconf 88' lang='lat' dir='ltr'>pie</span> <span class='ocrx_word' id='word_1_123' title='bbox 454 1131 583 1168; x_wconf 81' lang='lat' dir='ltr'>martyr.</span> <span class='ocrx_word' id='word_1_124' title='bbox 967 1128 1113 1160; x_wconf 86' lang='lat' dir='ltr'>Fulmine</span> <span class='ocrx_word' id='word_1_125' title='bbox 1137 1137 1255 1161; x_wconf 84' lang='lat' dir='ltr'>serves.</span> 
     </span>
    </p>
   </div>
   <div class='ocr_carea' id='block_1_4' title="bbox 183 1191 1475 1603">
    <p class='ocr_par' dir='ltr' id='par_1_4' title="bbox 185 1191 1473 1303">
     <span class='ocr_line' id='line_1_22' title="bbox 259 1191 1473 1231; baseline -0.003 -9"><span class='ocrx_word' id='word_1_126' title='bbox 259 1194 389 1223; x_wconf 85' lang='lat' dir='ltr'>Officium</span> <span class='ocrx_word' id='word_1_127' title='bbox 414 1193 444 1221; x_wconf 80' lang='lat' dir='ltr'>S.</span> <span class='ocrx_word' id='word_1_128' title='bbox 463 1194 553 1221; x_wconf 78' lang='lat' dir='ltr'>Potiti</span> <span class='ocrx_word' id='word_1_129' title='bbox 579 1195 713 1227; x_wconf 82' lang='lat' dir='ltr'>martyris</span> <span class='ocrx_word' id='word_1_130' title='bbox 739 1194 910 1229; x_wconf 72' lang='lat' dir='ltr'>perpulchre</span> <span class='ocrx_word' id='word_1_131' title='bbox 930 1193 1100 1231; x_wconf 40' lang='lat' dir='ltr'>‘ordinatum</span> <span class='ocrx_word' id='word_1_132' title='bbox 1125 1193 1270 1229; x_wconf 83' lang='lat' dir='ltr'>praesidio</span> <span class='ocrx_word' id='word_1_133' title='bbox 1291 1193 1418 1220; x_wconf 70' lang='lat' dir='ltr'>Martiae</span> <span class='ocrx_word' id='word_1_134' title='bbox 1444 1191 1473 1226; x_wconf 71' lang='lat' dir='ltr'>(l)</span> 
     </span>
     <span class='ocr_line' id='line_1_23' title="bbox 185 1230 1471 1267; baseline -0.003 -7"><span class='ocrx_word' id='word_1_135' title='bbox 185 1233 215 1260; x_wconf 76' lang='lat' dir='ltr'>S.</span> <span class='ocrx_word' id='word_1_136' title='bbox 233 1232 340 1260; x_wconf 67' lang='lat' dir='ltr'>Felicis</span> <span class='ocrx_word' id='word_1_137' title='bbox 355 1231 574 1258; x_wconf 77' lang='lat' dir='ltr'>Arebiabatissa</span> <span class='ocrx_word' id='word_1_138' title='bbox 591 1230 621 1264; x_wconf 72' lang='lat' dir='ltr'>(l)</span> <span class='ocrx_word' id='word_1_139' title='bbox 641 1230 747 1258; x_wconf 82' lang='lat' dir='ltr'>eisdem</span> <span class='ocrx_word' id='word_1_140' title='bbox 766 1230 796 1264; x_wconf 69' lang='grc' dir='ltr'>(Ξ)</span> <span class='ocrx_word' id='word_1_141' title='bbox 814 1232 991 1259; x_wconf 79' lang='lat' dir='ltr'>Monasterio</span> <span class='ocrx_word' id='word_1_142' title='bbox 1011 1231 1040 1265; x_wconf 67' lang='lat' dir='ltr'>(l)</span> <span class='ocrx_word' id='word_1_143' title='bbox 1058 1231 1181 1267; x_wconf 65' lang='lat' dir='ltr'>Neapoli</span> <span class='ocrx_word' id='word_1_144' title='bbox 1202 1231 1280 1266; x_wconf 74' lang='lat' dir='ltr'>apud</span> <span class='ocrx_word' id='word_1_145' title='bbox 1297 1231 1471 1266; x_wconf 79' lang='lat' dir='ltr'>Magistrum</span> 
     </span>
     <span class='ocr_line' id='line_1_24' title="bbox 185 1265 1054 1303; baseline -0.001 -7"><span class='ocrx_word' id='word_1_146' title='bbox 185 1268 337 1297; x_wconf 83' lang='lat' dir='ltr'>Matthiam</span> <span class='ocrx_word' id='word_1_147' title='bbox 359 1268 498 1295; x_wconf 76' lang='lat' dir='ltr'>Cancrum</span> <span class='ocrx_word' id='word_1_148' title='bbox 518 1275 593 1294; x_wconf 86' lang='lat' dir='ltr'>anno</span> <span class='ocrx_word' id='word_1_149' title='bbox 613 1268 696 1295; x_wconf 92' lang='lat' dir='ltr'>Dom.</span> <span class='ocrx_word' id='word_1_150' title='bbox 719 1265 799 1294; x_wconf 80' lang='lat'>1553.</span> <span class='ocrx_word' id='word_1_151' title='bbox 821 1268 867 1295; x_wconf 86' lang='lat' dir='ltr'>die</span> <span class='ocrx_word' id='word_1_152' title='bbox 887 1266 912 1296; x_wconf 83' lang='lat'>9.</span> <span class='ocrx_word' id='word_1_153' title='bbox 934 1268 1054 1303; x_wconf 76' lang='lat' dir='ltr'>Aprilis.</span> 
     </span>
    </p>

    <p class='ocr_par' dir='ltr' id='par_1_5' title="bbox 183 1303 1475 1603">
     <span class='ocr_line' id='line_1_25' title="bbox 259 1303 1473 1340; baseline -0.001 -7"><span class='ocrx_word' id='word_1_154' title='bbox 259 1307 300 1334; x_wconf 87' lang='lat' dir='ltr'>In</span> <span class='ocrx_word' id='word_1_155' title='bbox 320 1305 344 1333; x_wconf 90' lang='grc'>1.</span> <span class='ocrx_word' id='word_1_156' title='bbox 364 1306 467 1340; x_wconf 72' lang='lat' dir='ltr'>Vesp.</span> <span class='ocrx_word' id='word_1_157' title='bbox 489 1303 511 1331; x_wconf 84' lang='grc' dir='ltr'>Α</span> <span class='ocrx_word' id='word_1_158' title='bbox 533 1303 559 1338; x_wconf 97' lang='grc'>1,</span> <span class='ocrx_word' id='word_1_159' title='bbox 578 1303 598 1331; x_wconf 83' lang='grc'>4</span> <span class='ocrx_word' id='word_1_160' title='bbox 617 1304 760 1332; x_wconf 80' lang='lat' dir='ltr'>discutite.</span> <span class='ocrx_word' id='word_1_161' title='bbox 779 1319 816 1323; x_wconf 91' lang='lat'><strong>—</strong></span> <span class='ocrx_word' id='word_1_162' title='bbox 836 1304 855 1331; x_wconf 79' lang='grc' dir='ltr'>Α</span> <span class='ocrx_word' id='word_1_163' title='bbox 874 1305 901 1338; x_wconf 85' lang='grc'>4,</span> <span class='ocrx_word' id='word_1_164' title='bbox 923 1304 938 1332; x_wconf 87' lang='grc'>1</span> <span class='ocrx_word' id='word_1_165' title='bbox 960 1305 1076 1332; x_wconf 80' lang='lat' dir='ltr'>alaram.</span> <span class='ocrx_word' id='word_1_166' title='bbox 1096 1318 1132 1324; x_wconf 49' lang='grc' dir='ltr'>-ψ</span> <span class='ocrx_word' id='word_1_167' title='bbox 1147 1303 1177 1338; x_wconf 91' lang='grc' dir='ltr'>Β,</span> <span class='ocrx_word' id='word_1_168' title='bbox 1197 1304 1214 1330; x_wconf 85' lang='lat'>7</span> <span class='ocrx_word' id='word_1_169' title='bbox 1235 1306 1357 1333; x_wconf 78' lang='lat' dir='ltr'>Dantur.</span> <span class='ocrx_word' id='word_1_170' title='bbox 1379 1319 1415 1322; x_wconf 97' lang='lat'><strong>—</strong></span> <span class='ocrx_word' id='word_1_171' title='bbox 1431 1304 1473 1332; x_wconf 81' lang='lat' dir='ltr'>In</span> 
     </span>
     <span class='ocr_line' id='line_1_26' title="bbox 188 1340 1472 1378; baseline -0.002 -7"><span class='ocrx_word' id='word_1_172' title='bbox 188 1343 212 1371; x_wconf 88' lang='lat'>1.</span> <span class='ocrx_word' id='word_1_173' title='bbox 231 1344 280 1371; x_wconf 83' lang='lat' dir='ltr'>No</span> <span class='ocrx_word' id='word_1_174' title='bbox 289 1345 330 1370; x_wconf 77' lang='lat' dir='ltr'>ct.</span> <span class='ocrx_word' id='word_1_175' title='bbox 351 1341 373 1368; x_wconf 93' lang='grc' dir='ltr'>Α</span> <span class='ocrx_word' id='word_1_176' title='bbox 397 1341 428 1375; x_wconf 85' lang='grc'>2,</span> <span class='ocrx_word' id='word_1_177' title='bbox 447 1341 467 1369; x_wconf 97' lang='grc'>4</span> <span class='ocrx_word' id='word_1_178' title='bbox 487 1342 602 1370; x_wconf 81' lang='lat' dir='ltr'>Curbile</span> <span class='ocrx_word' id='word_1_179' title='bbox 622 1344 712 1376; x_wconf 84' lang='lat' dir='ltr'>turge.</span> <span class='ocrx_word' id='word_1_180' title='bbox 732 1357 767 1362; x_wconf 83' lang='lat'>-—-</span> <span class='ocrx_word' id='word_1_181' title='bbox 791 1340 811 1368; x_wconf 98' lang='grc' dir='ltr'>Β</span> <span class='ocrx_word' id='word_1_182' title='bbox 832 1341 857 1376; x_wconf 80' lang='grc'>2,</span> <span class='ocrx_word' id='word_1_183' title='bbox 879 1341 897 1369; x_wconf 87' lang='lat'><strong>7</strong></span> <span class='ocrx_word' id='word_1_184' title='bbox 911 1342 1096 1376; x_wconf 71' lang='lat' dir='ltr'>jactaturum.</span> <span class='ocrx_word' id='word_1_185' title='bbox 1116 1357 1154 1362; x_wconf 79' lang='lat'>-—</span> <span class='ocrx_word' id='word_1_186' title='bbox 1176 1341 1195 1368; x_wconf 95' lang='grc' dir='ltr'>Β</span> <span class='ocrx_word' id='word_1_187' title='bbox 1217 1340 1235 1370; x_wconf 84' lang='grc'><strong>3</strong></span> <span class='ocrx_word' id='word_1_188' title='bbox 1255 1342 1415 1378; x_wconf 85' lang='lat' dir='ltr'>prosaisch.</span> <span class='ocrx_word' id='word_1_189' title='bbox 1435 1357 1472 1361; x_wconf 97' lang='lat'>—</span> 
     </span>
     <span class='ocr_line' id='line_1_27' title="bbox 183 1376 1474 1414; baseline -0.002 -6"><span class='ocrx_word' id='word_1_190' title='bbox 183 1382 226 1409; x_wconf 80' lang='lat' dir='ltr'>In</span> <span class='ocrx_word' id='word_1_191' title='bbox 250 1379 278 1407; x_wconf 82' lang='lat'>2.</span> <span class='ocrx_word' id='word_1_192' title='bbox 295 1380 395 1408; x_wconf 80' lang='lat' dir='ltr'>Noet.</span> <span class='ocrx_word' id='word_1_193' title='bbox 416 1376 439 1406; x_wconf 84' lang='grc' dir='ltr'>Α</span> <span class='ocrx_word' id='word_1_194' title='bbox 459 1378 493 1412; x_wconf 84' lang='grc'>6,</span> <span class='ocrx_word' id='word_1_195' title='bbox 518 1377 536 1406; x_wconf 79' lang='lat'><strong>3</strong></span> <span class='ocrx_word' id='word_1_196' title='bbox 557 1388 572 1406; x_wconf 88' lang='lat'><em>0</em></span> <span class='ocrx_word' id='word_1_197' title='bbox 593 1380 718 1413; x_wconf 63' lang='lat' dir='ltr'>erg-anat.</span> <span class='ocrx_word' id='word_1_198' title='bbox 739 1393 775 1398; x_wconf 91' lang='lat'>—</span> <span class='ocrx_word' id='word_1_199' title='bbox 795 1378 815 1405; x_wconf 82' lang='lat' dir='ltr'>R</span> <span class='ocrx_word' id='word_1_200' title='bbox 838 1378 868 1414; x_wconf 87' lang='grc'>1,</span> <span class='ocrx_word' id='word_1_201' title='bbox 890 1377 905 1407; x_wconf 86' lang='grc'>1</span> <span class='ocrx_word' id='word_1_202' title='bbox 924 1381 967 1408; x_wconf 75' lang='lat' dir='ltr'>Ut</span> <span class='ocrx_word' id='word_1_203' title='bbox 985 1381 1025 1407; x_wconf 73' lang='lat' dir='ltr'>sit</span> <span class='ocrx_word' id='word_1_204' title='bbox 1041 1388 1156 1408; x_wconf 81' lang='lat' dir='ltr'>nomen.</span> <span class='ocrx_word' id='word_1_205' title='bbox 1176 1394 1214 1399; x_wconf 89' lang='lat'>—-</span> <span class='ocrx_word' id='word_1_206' title='bbox 1233 1378 1254 1405; x_wconf 82' lang='grc' dir='ltr'>Β</span> <span class='ocrx_word' id='word_1_207' title='bbox 1277 1379 1307 1413; x_wconf 88' lang='grc'>1,</span> <span class='ocrx_word' id='word_1_208' title='bbox 1332 1379 1349 1406; x_wconf 80' lang='grc'>’7</span> <span class='ocrx_word' id='word_1_209' title='bbox 1368 1379 1474 1407; x_wconf 80' lang='lat' dir='ltr'>Murue</span> 
     </span>
     <span class='ocr_line' id='line_1_28' title="bbox 184 1413 1473 1453; baseline -0.002 -8"><span class='ocrx_word' id='word_1_210' title='bbox 184 1419 277 1445; x_wconf 82' lang='lat' dir='ltr'>fasces</span> <span class='ocrx_word' id='word_1_211' title='bbox 298 1418 409 1452; x_wconf 81' lang='lat' dir='ltr'>galeam</span> <span class='ocrx_word' id='word_1_212' title='bbox 429 1417 551 1444; x_wconf 82' lang='lat' dir='ltr'>corulos.</span> <span class='ocrx_word' id='word_1_213' title='bbox 571 1431 608 1436; x_wconf 92' lang='lat'>-—</span> <span class='ocrx_word' id='word_1_214' title='bbox 625 1415 644 1442; x_wconf 83' lang='grc' dir='ltr'>Β</span> <span class='ocrx_word' id='word_1_215' title='bbox 666 1413 692 1450; x_wconf 84' lang='grc'>3,</span> <span class='ocrx_word' id='word_1_216' title='bbox 715 1415 729 1443; x_wconf 91' lang='grc'>1</span> <span class='ocrx_word' id='word_1_217' title='bbox 749 1425 821 1452; x_wconf 84' lang='lat' dir='ltr'>puer</span> <span class='ocrx_word' id='word_1_218' title='bbox 841 1417 965 1453; x_wconf 69' lang='lat' dir='ltr'>erg‘s&#39;tnzt.</span> <span class='ocrx_word' id='word_1_219' title='bbox 985 1431 1022 1436; x_wconf 84' lang='lat'>—</span> <span class='ocrx_word' id='word_1_220' title='bbox 1038 1415 1058 1443; x_wconf 91' lang='grc' dir='ltr'>Β</span> <span class='ocrx_word' id='word_1_221' title='bbox 1078 1416 1104 1452; x_wconf 90' lang='grc'>4,</span> <span class='ocrx_word' id='word_1_222' title='bbox 1126 1415 1143 1444; x_wconf 85' lang='grc'><strong>2</strong></span> <span class='ocrx_word' id='word_1_223' title='bbox 1163 1419 1302 1445; x_wconf 84' lang='lat' dir='ltr'>tonantis.</span> <span class='ocrx_word' id='word_1_224' title='bbox 1317 1432 1352 1436; x_wconf 89' lang='lat'><strong>—</strong></span> <span class='ocrx_word' id='word_1_225' title='bbox 1373 1414 1393 1442; x_wconf 96' lang='grc' dir='ltr'>Β</span> <span class='ocrx_word' id='word_1_226' title='bbox 1407 1415 1434 1451; x_wconf 85' lang='grc'>4,</span> <span class='ocrx_word' id='word_1_227' title='bbox 1456 1416 1473 1443; x_wconf 86' lang='grc'><strong>7</strong></span> 
     </span>
     <span class='ocr_line' id='line_1_29' title="bbox 185 1451 1475 1491; baseline -0.001 -9"><span class='ocrx_word' id='word_1_228' title='bbox 185 1464 257 1491; x_wconf 83' lang='lat' dir='ltr'>puer</span> <span class='ocrx_word' id='word_1_229' title='bbox 277 1456 401 1490; x_wconf 63' lang='lat' dir='ltr'>erganzt.</span> <span class='ocrx_word' id='word_1_230' title='bbox 421 1468 458 1473; x_wconf 88' lang='lat'>-—</span> <span class='ocrx_word' id='word_1_231' title='bbox 475 1455 517 1481; x_wconf 83' lang='lat' dir='ltr'>In</span> <span class='ocrx_word' id='word_1_232' title='bbox 536 1451 564 1481; x_wconf 83' lang='lat'>3.</span> <span class='ocrx_word' id='word_1_233' title='bbox 585 1454 684 1481; x_wconf 56' lang='lat' dir='ltr'>Noeta,</span> <span class='ocrx_word' id='word_1_234' title='bbox 706 1454 742 1481; x_wconf 80' lang='lat' dir='ltr'>ad</span> <span class='ocrx_word' id='word_1_235' title='bbox 762 1454 844 1481; x_wconf 74' lang='lat' dir='ltr'>Cant.</span> <span class='ocrx_word' id='word_1_236' title='bbox 865 1454 900 1480; x_wconf 88' lang='grc' dir='ltr'>Α.</span> <span class='ocrx_word' id='word_1_237' title='bbox 926 1453 943 1481; x_wconf 83' lang='grc'>5</span> <span class='ocrx_word' id='word_1_238' title='bbox 962 1455 987 1484; x_wconf 87' lang='lat' dir='ltr'>O</span> <span class='ocrx_word' id='word_1_239' title='bbox 1007 1455 1181 1491; x_wconf 74' lang='lat' dir='ltr'>objurgator.</span> <span class='ocrx_word' id='word_1_240' title='bbox 1203 1470 1238 1475; x_wconf 87' lang='lat'>-—</span> <span class='ocrx_word' id='word_1_241' title='bbox 1259 1454 1279 1481; x_wconf 92' lang='grc' dir='ltr'>Β</span> <span class='ocrx_word' id='word_1_242' title='bbox 1300 1453 1333 1489; x_wconf 82' lang='grc'>2,</span> <span class='ocrx_word' id='word_1_243' title='bbox 1361 1453 1381 1481; x_wconf 85' lang='grc'>4</span> <span class='ocrx_word' id='word_1_244' title='bbox 1403 1455 1475 1482; x_wconf 81' lang='lat' dir='ltr'>Divi</span> 
     </span>
     <span class='ocr_line' id='line_1_30' title="bbox 186 1489 1474 1527; baseline -0.002 -7"><span class='ocrx_word' id='word_1_245' title='bbox 186 1493 286 1520; x_wconf 84' lang='lat' dir='ltr'>Potiti.</span> <span class='ocrx_word' id='word_1_246' title='bbox 308 1506 345 1510; x_wconf 89' lang='lat'>—</span> <span class='ocrx_word' id='word_1_247' title='bbox 375 1489 395 1517; x_wconf 95' lang='grc' dir='ltr'>Β</span> <span class='ocrx_word' id='word_1_248' title='bbox 422 1489 454 1524; x_wconf 75' lang='grc'>3,</span> <span class='ocrx_word' id='word_1_249' title='bbox 480 1489 496 1517; x_wconf 89' lang='lat'>5</span> <span class='ocrx_word' id='word_1_250' title='bbox 523 1499 564 1527; x_wconf 90' lang='lat' dir='ltr'>sq.</span> <span class='ocrx_word' id='word_1_251' title='bbox 590 1500 641 1526; x_wconf 84' lang='lat' dir='ltr'>per</span> <span class='ocrx_word' id='word_1_252' title='bbox 665 1493 693 1518; x_wconf 84' lang='lat' dir='ltr'>te</span> <span class='ocrx_word' id='word_1_253' title='bbox 714 1511 720 1517; x_wconf 91' lang='lat'>.</span> <span class='ocrx_word' id='word_1_254' title='bbox 745 1513 748 1519; x_wconf 95' lang='lat'>.</span> <span class='ocrx_word' id='word_1_255' title='bbox 767 1494 893 1526; x_wconf 81' lang='lat' dir='ltr'>praestet</span> <span class='ocrx_word' id='word_1_256' title='bbox 914 1493 991 1520; x_wconf 87' lang='lat' dir='ltr'>orbis</span> <span class='ocrx_word' id='word_1_257' title='bbox 1011 1494 1111 1519; x_wconf 78' lang='lat' dir='ltr'>auctor</span> <span class='ocrx_word' id='word_1_258' title='bbox 1131 1500 1165 1519; x_wconf 79' lang='lat' dir='ltr'>ae</span> <span class='ocrx_word' id='word_1_259' title='bbox 1185 1495 1283 1520; x_wconf 77' lang='lat' dir='ltr'>sacris.</span> <span class='ocrx_word' id='word_1_260' title='bbox 1304 1507 1341 1511; x_wconf 88' lang='lat'>—</span> <span class='ocrx_word' id='word_1_261' title='bbox 1362 1490 1382 1517; x_wconf 96' lang='grc' dir='ltr'>Β</span> <span class='ocrx_word' id='word_1_262' title='bbox 1402 1491 1436 1526; x_wconf 88' lang='lat'>4,</span> <span class='ocrx_word' id='word_1_263' title='bbox 1457 1491 1474 1518; x_wconf 80' lang='lat'>5</span> 
     </span>
     <span class='ocr_line' id='line_1_31' title="bbox 186 1526 1475 1564; baseline -0.002 -7"><span class='ocrx_word' id='word_1_264' title='bbox 186 1529 278 1557; x_wconf 70' lang='lat' dir='ltr'>Parce</span> <span class='ocrx_word' id='word_1_265' title='bbox 299 1537 362 1557; x_wconf 81' lang='lat' dir='ltr'>nos.</span> <span class='ocrx_word' id='word_1_266' title='bbox 388 1543 426 1547; x_wconf 90' lang='lat'>——</span> <span class='ocrx_word' id='word_1_267' title='bbox 448 1529 490 1555; x_wconf 83' lang='lat' dir='ltr'>In</span> <span class='ocrx_word' id='word_1_268' title='bbox 510 1528 620 1555; x_wconf 82' lang='lat' dir='ltr'>Laud.</span> <span class='ocrx_word' id='word_1_269' title='bbox 640 1526 686 1554; x_wconf 84' lang='grc' dir='ltr'>ΑΑ</span> <span class='ocrx_word' id='word_1_270' title='bbox 713 1527 743 1564; x_wconf 88' lang='grc'>1,</span> <span class='ocrx_word' id='word_1_271' title='bbox 770 1526 803 1562; x_wconf 83' lang='lat'>2,</span> <span class='ocrx_word' id='word_1_272' title='bbox 832 1526 864 1562; x_wconf 83' lang='lat'>3,</span> <span class='ocrx_word' id='word_1_273' title='bbox 890 1528 907 1557; x_wconf 79' lang='lat'><strong><em>5</em></strong></span> <span class='ocrx_word' id='word_1_274' title='bbox 931 1530 997 1557; x_wconf 75' lang='lat' dir='ltr'>sind</span> <span class='ocrx_word' id='word_1_275' title='bbox 1015 1530 1163 1557; x_wconf 74' lang='lat' dir='ltr'>dieselben</span> <span class='ocrx_word' id='word_1_276' title='bbox 1182 1531 1239 1557; x_wconf 77' lang='lat' dir='ltr'>wie</span> <span class='ocrx_word' id='word_1_277' title='bbox 1257 1532 1290 1557; x_wconf 79' lang='lat' dir='ltr'>in</span> <span class='ocrx_word' id='word_1_278' title='bbox 1308 1531 1359 1558; x_wconf 70' lang='lat' dir='ltr'>dex</span> <span class='ocrx_word' id='word_1_279' title='bbox 1379 1533 1475 1557; x_wconf 71' lang='lat' dir='ltr'>ersten</span> 
     </span>
     <span class='ocr_line' id='line_1_32' title="bbox 186 1564 1388 1603; baseline -0.001 -9"><span class='ocrx_word' id='word_1_280' title='bbox 186 1567 309 1602; x_wconf 78' lang='lat' dir='ltr'>Vesper3</span> <span class='ocrx_word' id='word_1_281' title='bbox 330 1574 385 1593; x_wconf 86' lang='lat' dir='ltr'>nur</span> <span class='ocrx_word' id='word_1_282' title='bbox 405 1566 452 1593; x_wconf 91' lang='lat' dir='ltr'>die</span> <span class='ocrx_word' id='word_1_283' title='bbox 470 1567 561 1594; x_wconf 71' lang='lat' dir='ltr'>vierte</span> <span class='ocrx_word' id='word_1_284' title='bbox 580 1567 620 1592; x_wconf 83' lang='lat' dir='ltr'>ist</span> <span class='ocrx_word' id='word_1_285' title='bbox 637 1574 702 1593; x_wconf 85' lang='lat' dir='ltr'>neu.</span> <span class='ocrx_word' id='word_1_286' title='bbox 724 1580 759 1585; x_wconf 92' lang='lat'>--</span> <span class='ocrx_word' id='word_1_287' title='bbox 778 1566 820 1593; x_wconf 88' lang='lat' dir='ltr'>In</span> <span class='ocrx_word' id='word_1_288' title='bbox 841 1564 868 1592; x_wconf 80' lang='lat'>2.</span> <span class='ocrx_word' id='word_1_289' title='bbox 888 1566 990 1603; x_wconf 84' lang='lat' dir='ltr'>Vesp.</span> <span class='ocrx_word' id='word_1_290' title='bbox 1011 1567 1047 1595; x_wconf 84' lang='lat' dir='ltr'>ad</span> <span class='ocrx_word' id='word_1_291' title='bbox 1066 1567 1165 1603; x_wconf 83' lang='lat' dir='ltr'>Magn.</span> <span class='ocrx_word' id='word_1_292' title='bbox 1186 1566 1207 1594; x_wconf 91' lang='grc' dir='ltr'>Α</span> <span class='ocrx_word' id='word_1_293' title='bbox 1230 1567 1388 1603; x_wconf 81' lang='lat' dir='ltr'>prosaiseh.</span> 
     </span>
    </p>
   </div>
   <div class='ocr_carea' id='block_1_5' title="bbox 633 1646 1036 1679">
    <p class='ocr_par' dir='ltr' id='par_1_6' title="bbox 633 1646 1036 1679">
     <span class='ocr_line' id='line_1_33' title="bbox 633 1646 1036 1679; baseline 0.007 -3"><span class='ocrx_word' id='word_1_294' title='bbox 633 1647 680 1677; x_wconf 89' lang='lat'>94.</span> <span class='ocrx_word' id='word_1_295' title='bbox 711 1646 754 1677; x_wconf 82' lang='lat' dir='ltr'>De</span> <span class='ocrx_word' id='word_1_296' title='bbox 774 1647 878 1678; x_wconf 80' lang='lat' dir='ltr'>saneto</span> <span class='ocrx_word' id='word_1_297' title='bbox 900 1647 1036 1679; x_wconf 81' lang='lat' dir='ltr'>Proculo.</span> 
     </span>
    </p>
   </div>
   <div class='ocr_carea' id='block_1_6' title="bbox 187 1716 1381 2182">
    <p class='ocr_par' dir='ltr' id='par_1_7' title="bbox 187 1716 1381 2182">
     <span class='ocr_line' id='line_1_34' title="bbox 326 1716 1381 1757; baseline 0.003 -9"><span class='ocrx_word' id='word_1_298' title='bbox 326 1717 370 1749; x_wconf 87' lang='lat' dir='ltr'>In</span> <span class='ocrx_word' id='word_1_299' title='bbox 398 1717 427 1750; x_wconf 87' lang='lat'>1.</span> <span class='ocrx_word' id='word_1_300' title='bbox 455 1718 561 1756; x_wconf 85' lang='lat' dir='ltr'>Vesp</span> <span class='ocrx_word' id='word_1_301' title='bbox 574 1716 668 1747; x_wconf 87' lang='lat' dir='ltr'>eris.</span> <span class='ocrx_word' id='word_1_302' title='bbox 928 1717 965 1748; x_wconf 87' lang='lat' dir='ltr'>In</span> <span class='ocrx_word' id='word_1_303' title='bbox 994 1726 1053 1757; x_wconf 86' lang='lat' dir='ltr'>quo</span> <span class='ocrx_word' id='word_1_304' title='bbox 1077 1720 1204 1757; x_wconf 81' lang='lat' dir='ltr'>praesul</span> <span class='ocrx_word' id='word_1_305' title='bbox 1229 1719 1381 1751; x_wconf 83' lang='lat' dir='ltr'>Proculus</span> 
     </span>
     <span class='ocr_line' id='line_1_35' title="bbox 370 1764 1375 1808; baseline 0 -9"><span class='ocrx_word' id='word_1_306' title='bbox 370 1772 414 1799; x_wconf 72' lang='lat' dir='ltr'>Aa</span> <span class='ocrx_word' id='word_1_307' title='bbox 431 1770 609 1808; x_wconf 72' lang='lat' dir='ltr'>Magnificat.</span> <span class='ocrx_word' id='word_1_308' title='bbox 975 1764 1116 1796; x_wconf 79' lang='lat' dir='ltr'>Transiit</span> <span class='ocrx_word' id='word_1_309' title='bbox 1139 1766 1179 1797; x_wconf 83' lang='lat' dir='ltr'>ad</span> <span class='ocrx_word' id='word_1_310' title='bbox 1206 1765 1375 1799; x_wconf 83' lang='lat' dir='ltr'>Christum.</span> 
     </span>
     <span class='ocr_line' id='line_1_36' title="bbox 187 1817 727 1856; baseline 0 -7"><span class='ocrx_word' id='word_1_311' title='bbox 187 1817 227 1849; x_wconf 91' lang='lat' dir='ltr'>A.</span> <span class='ocrx_word' id='word_1_312' title='bbox 260 1817 369 1848; x_wconf 82' lang='lat' dir='ltr'>Solvat</span> <span class='ocrx_word' id='word_1_313' title='bbox 393 1817 494 1848; x_wconf 75' lang='lat' dir='ltr'>clerus</span> <span class='ocrx_word' id='word_1_314' title='bbox 520 1823 588 1846; x_wconf 86' lang='lat' dir='ltr'>cum</span> <span class='ocrx_word' id='word_1_315' title='bbox 611 1817 727 1856; x_wconf 87' lang='lat' dir='ltr'>populo</span> 
     </span>
     <span class='ocr_line' id='line_1_37' title="bbox 302 1862 679 1902; baseline -0.003 -7"><span class='ocrx_word' id='word_1_316' title='bbox 302 1863 427 1895; x_wconf 84' lang='lat' dir='ltr'>Laudes</span> <span class='ocrx_word' id='word_1_317' title='bbox 452 1863 503 1902; x_wconf 89' lang='lat' dir='ltr'>pio</span> <span class='ocrx_word' id='word_1_318' title='bbox 529 1862 679 1902; x_wconf 80' lang='lat' dir='ltr'>pontifici,</span> 
     </span>
     <span class='ocr_line' id='line_1_38' title="bbox 260 1910 677 1950; baseline 0 -9"><span class='ocrx_word' id='word_1_319' title='bbox 260 1910 521 1950; x_wconf 73' lang='lat' dir='ltr'>congratulentur</span> <span class='ocrx_word' id='word_1_320' title='bbox 545 1910 677 1941; x_wconf 84' lang='lat' dir='ltr'>Proculo</span> 
     </span>
     <span class='ocr_line' id='line_1_39' title="bbox 307 1955 716 1996; baseline -0.002 -8"><span class='ocrx_word' id='word_1_321' title='bbox 307 1956 396 1988; x_wconf 80' lang='lat' dir='ltr'>Cives</span> <span class='ocrx_word' id='word_1_322' title='bbox 422 1956 515 1988; x_wconf 84' lang='lat' dir='ltr'>laude</span> <span class='ocrx_word' id='word_1_323' title='bbox 539 1955 716 1996; x_wconf 83' lang='lat' dir='ltr'>multiplici,</span> 
     </span>
     <span class='ocr_line' id='line_1_40' title="bbox 258 2002 624 2035; baseline -0.003 -1"><span class='ocrx_word' id='word_1_324' title='bbox 258 2004 337 2035; x_wconf 87' lang='lat' dir='ltr'>Toto</span> <span class='ocrx_word' id='word_1_325' title='bbox 361 2003 446 2035; x_wconf 86' lang='lat' dir='ltr'>vitae</span> <span class='ocrx_word' id='word_1_326' title='bbox 471 2002 624 2034; x_wconf 83' lang='lat' dir='ltr'>curriculo</span> 
     </span>
     <span class='ocr_line' id='line_1_41' title="bbox 304 2048 724 2090; baseline 0.002 -10"><span class='ocrx_word' id='word_1_327' title='bbox 304 2048 435 2089; x_wconf 84' lang='lat' dir='ltr'>Pudico,</span> <span class='ocrx_word' id='word_1_328' title='bbox 458 2049 553 2088; x_wconf 73' lang='lat' dir='ltr'>justo,</span> <span class='ocrx_word' id='word_1_329' title='bbox 579 2048 724 2090; x_wconf 83' lang='lat' dir='ltr'>simplici,</span> 
     </span>
     <span class='ocr_line' id='line_1_42' title="bbox 260 2096 679 2138; baseline 0 -10"><span class='ocrx_word' id='word_1_330' title='bbox 260 2096 318 2138; x_wconf 77' lang='lat' dir='ltr'>Qui</span> <span class='ocrx_word' id='word_1_331' title='bbox 343 2096 490 2136; x_wconf 84' lang='lat' dir='ltr'>migravit</span> <span class='ocrx_word' id='word_1_332' title='bbox 514 2105 533 2128; x_wconf 81' lang='lat' dir='ltr'>a</span> <span class='ocrx_word' id='word_1_333' title='bbox 555 2097 679 2128; x_wconf 85' lang='lat' dir='ltr'>saeculo</span> 
     </span>
     <span class='ocr_line' id='line_1_43' title="bbox 311 2143 710 2182; baseline 0 -6"><span class='ocrx_word' id='word_1_334' title='bbox 311 2144 447 2176; x_wconf 80' lang='lat' dir='ltr'>Ornatus</span> <span class='ocrx_word' id='word_1_335' title='bbox 471 2145 554 2174; x_wconf 79' lang='lat' dir='ltr'>serto</span> <span class='ocrx_word' id='word_1_336' title='bbox 579 2143 710 2182; x_wconf 75' lang='lat' dir='ltr'>triplici.</span> 
     </span>
    </p>
   </div>
   <div class='ocr_carea' id='block_1_7' title="bbox 991 1886 1347 1921">
    <p class='ocr_par' dir='ltr' id='par_1_8' title="bbox 991 1886 1347 1921">
     <span class='ocr_line' id='line_1_44' title="bbox 991 1886 1347 1921; baseline 0.008 -3"><span class='ocrx_word' id='word_1_337' title='bbox 991 1887 1036 1918; x_wconf 87' lang='lat' dir='ltr'>In</span> <span class='ocrx_word' id='word_1_338' title='bbox 1062 1886 1092 1920; x_wconf 90' lang='lat'>1.</span> <span class='ocrx_word' id='word_1_339' title='bbox 1118 1886 1347 1921; x_wconf 79' lang='lat' dir='ltr'>Nocturno.</span> 
     </span>
    </p>
   </div>
   <div class='ocr_carea' id='block_1_8' title="bbox 1073 1970 1267 2005">
    <p class='ocr_par' dir='ltr' id='par_1_9' title="bbox 1073 1970 1267 2005">
     <span class='ocr_line' id='line_1_45' title="bbox 1073 1970 1267 2005; baseline 0.005 -8"><span class='ocrx_word' id='word_1_340' title='bbox 1073 1970 1267 2005; x_wconf 88' lang='lat' dir='ltr'>Antiphonae.</span> 
     </span>
    </p>
   </div>
   <div class='ocr_carea' id='block_1_9' title="bbox 874 2026 1353 2200">
    <p class='ocr_par' dir='ltr' id='par_1_10' title="bbox 874 2026 1353 2200">
     <span class='ocr_line' id='line_1_46' title="bbox 874 2026 1311 2067; baseline 0 -9"><span class='ocrx_word' id='word_1_341' title='bbox 874 2027 905 2060; x_wconf 86' lang='lat'>1.</span> <span class='ocrx_word' id='word_1_342' title='bbox 930 2026 1025 2059; x_wconf 85' lang='lat' dir='ltr'>Festo</span> <span class='ocrx_word' id='word_1_343' title='bbox 1051 2029 1131 2059; x_wconf 88' lang='lat' dir='ltr'>tanti</span> <span class='ocrx_word' id='word_1_344' title='bbox 1155 2029 1311 2067; x_wconf 80' lang='lat' dir='ltr'>praesulis</span> 
     </span>
     <span class='ocr_line' id='line_1_47' title="bbox 978 2074 1353 2114; baseline 0.003 -9"><span class='ocrx_word' id='word_1_345' title='bbox 978 2074 1117 2114; x_wconf 77' lang='lat' dir='ltr'>quisquis</span> <span class='ocrx_word' id='word_1_346' title='bbox 1141 2075 1184 2106; x_wconf 80' lang='lat' dir='ltr'>sit</span> <span class='ocrx_word' id='word_1_347' title='bbox 1206 2076 1353 2114; x_wconf 81' lang='lat' dir='ltr'>laetatus,</span> 
     </span>
     <span class='ocr_line' id='line_1_48' title="bbox 932 2120 1255 2159; baseline 0.003 -8"><span class='ocrx_word' id='word_1_348' title='bbox 932 2120 991 2159; x_wconf 74' lang='lat' dir='ltr'>Qui</span> <span class='ocrx_word' id='word_1_349' title='bbox 1015 2120 1076 2152; x_wconf 78' lang='lat' dir='ltr'>fuit,</span> <span class='ocrx_word' id='word_1_350' title='bbox 1100 2121 1139 2152; x_wconf 86' lang='lat' dir='ltr'>ab</span> <span class='ocrx_word' id='word_1_351' title='bbox 1165 2124 1255 2152; x_wconf 81' lang='lat' dir='ltr'>utero</span> 
     </span>
     <span class='ocr_line' id='line_1_49' title="bbox 980 2166 1338 2200; baseline 0.006 -2"><span class='ocrx_word' id='word_1_352' title='bbox 980 2166 1104 2199; x_wconf 82' lang='lat' dir='ltr'>Christo</span> <span class='ocrx_word' id='word_1_353' title='bbox 1130 2171 1338 2200; x_wconf 79' lang='lat' dir='ltr'>consecratus.</span> 
     </span>
    </p>
   </div>
   <div class='ocr_carea' id='block_1_10' title="bbox 259 2217 1286 2358">
    <p class='ocr_par' dir='ltr' id='par_1_11' title="bbox 259 2217 1286 2358">
     <span class='ocr_line' id='line_1_50' title="bbox 320 2217 1286 2258; baseline 0.007 -9"><span class='ocrx_word' id='word_1_354' title='bbox 320 2218 381 2251; x_wconf 79' lang='lat' dir='ltr'>Ad</span> <span class='ocrx_word' id='word_1_355' title='bbox 403 2218 518 2250; x_wconf 78' lang='lat' dir='ltr'>Matu</span> <span class='ocrx_word' id='word_1_356' title='bbox 528 2217 670 2251; x_wconf 80' lang='lat' dir='ltr'>tinum.</span> <span class='ocrx_word' id='word_1_357' title='bbox 873 2225 905 2256; x_wconf 85' lang='lat'>2.</span> <span class='ocrx_word' id='word_1_358' title='bbox 929 2223 1086 2258; x_wconf 75' lang='lat' dir='ltr'>Mandata</span> <span class='ocrx_word' id='word_1_359' title='bbox 1110 2224 1286 2256; x_wconf 70' lang='lat' dir='ltr'>dominicae</span> 
     </span>
     <span class='ocr_line' id='line_1_51' title="bbox 391 2271 1279 2311; baseline 0.002 -10"><span class='ocrx_word' id='word_1_360' title='bbox 391 2274 604 2301; x_wconf 81' lang='lat' dir='ltr'>Invitatorium.</span> <span class='ocrx_word' id='word_1_361' title='bbox 978 2271 1057 2311; x_wconf 81' lang='lat' dir='ltr'>legis</span> <span class='ocrx_word' id='word_1_362' title='bbox 1082 2271 1279 2310; x_wconf 82' lang='lat' dir='ltr'>adimplebat</span> 
     </span>
     <span class='ocr_line' id='line_1_52' title="bbox 259 2317 1284 2358; baseline -0.002 -6"><span class='ocrx_word' id='word_1_363' title='bbox 259 2319 356 2353; x_wconf 83' lang='lat' dir='ltr'>Adsit</span> <span class='ocrx_word' id='word_1_364' title='bbox 378 2317 439 2349; x_wconf 82' lang='lat' dir='ltr'>Dei</span> <span class='ocrx_word' id='word_1_365' title='bbox 463 2318 597 2358; x_wconf 82' lang='lat' dir='ltr'>populus</span> <span class='ocrx_word' id='word_1_366' title='bbox 931 2317 977 2349; x_wconf 82' lang='lat' dir='ltr'>Et</span> <span class='ocrx_word' id='word_1_367' title='bbox 1002 2319 1117 2349; x_wconf 81' lang='lat' dir='ltr'>cultum</span> <span class='ocrx_word' id='word_1_368' title='bbox 1145 2319 1284 2350; x_wconf 85' lang='lat' dir='ltr'>deicolae</span> 
     </span>
    </p>
   </div>
   <div class='ocr_carea' id='block_1_11' title="bbox 305 2364 1295 2408">
    <p class='ocr_par' dir='ltr' id='par_1_12' title="bbox 305 2364 1295 2408">
     <span class='ocr_line' id='line_1_53' title="bbox 305 2364 1295 2408; baseline -0.001 -10"><span class='ocrx_word' id='word_1_369' title='bbox 305 2366 408 2408; x_wconf 59' lang='lat' dir='ltr'>Diem&gt;</span> <span class='ocrx_word' id='word_1_370' title='bbox 421 2364 527 2405; x_wconf 66' lang='lat' dir='ltr'>eolens</span> <span class='ocrx_word' id='word_1_371' title='bbox 551 2365 656 2407; x_wconf 78' lang='lat' dir='ltr'>istum,</span> <span class='ocrx_word' id='word_1_372' title='bbox 980 2366 1081 2406; x_wconf 81' lang='lat' dir='ltr'>gentis</span> <span class='ocrx_word' id='word_1_373' title='bbox 1106 2365 1295 2406; x_wconf 76' lang='lat' dir='ltr'>adaugebat,</span> 
     </span>
    </p>
   </div>
  </div>
 </body>
</html>
