1652 2615
699 141 947 177 —122-—

248 239 334 273 Mira
357 238 452 272 sentit
475 238 590 272 sterilis

295 292 327 319 et
349 286 452 320 infans
475 288 508 318 in
534 287 673 317 veritate.

193 347 222 377 2.
249 344 384 375 Matrem
409 340 585 373 sanctificat
607 340 689 373 filius

295 391 379 421 Ante
404 388 644 425 conceptionem,

251 436 395 467 Sterilom
421 435 522 473 replet
544 433 716 472 paraclitus

296 483 372 513 Post
394 480 701 521 impraegnationem,

251 527 332 559 Nam
360 530 467 558 sancto
498 525 589 557 docta
613 525 727 564 spiritu

294 575 382 605 Anus
404 573 570 612 prophetat
592 572 706 609 virgini

250 620 338 652 Dans
360 619 623 651 benedictionem:

182 668 218 699 V.
249 667 419 698 Benedicta
444 669 477 696 tu
502 673 520 695 a
546 665 679 697 Domino

299 714 334 745 In
360 713 568 751 generatione,

251 760 331 798 Quia
352 763 387 790 tu
411 759 541 790 credens
566 758 675 798 angelo

298 807 429 838 Portans
453 805 664 836 salvationem.

193 864 223 895 3.
250 861 342 903 Ecce,
367 869 441 891 vere
464 860 565 902 beata,

250 908 335 946 Quae
360 915 416 938 nec
435 907 568 945 primam
593 907 724 939 similem

254 954 329 985 Visa
346 957 393 985 est
404 962 462 984 nec
474 952 591 984 habere
603 956 793 992 sequentem,

252 1001 330 1039 Quia
354 1000 419 1031 sola
443 1000 511 1030 sine
535 1000 676 1040 exemplo

252 1047 374 1078 Placuit
397 1046 483 1085 virgo
510 1045 650 1085 Christ03

184 1094 220 1127 V.
253 1092 422 1124 Sacerdote
445 1094 656 1131 praestantior

299 1139 455 1170 Summum
480 1146 537 1177 per
561 1147 707 1177 amorem,

256 1185 382 1217 Cunctis
407 1184 493 1224 virgo
519 1185 710 1216 constantior

302 1231 444 1263 Correxit
468 1239 613 1264 errorem.

342 1324 387 1355 In
414 1322 636 1356 Laudibus.

396 1396 586 1431 Antiphonae.

202 1465 230 1494 1.
256 1459 470 1501 Magnificavit
494 1460 657 1493 Dominum

301 1508 414 1546 Maria,
442 1508 527 1547 virgo
552 1508 654 1549 beata,

256 1555 341 1592 (Quae
371 1554 515 1585 decorem
538 1562 672 1594 regnans
695 1555 800 1587 induit

302 1601 413 1633 Eidem
441 1601 568 1633 sociata.

199 1659 229 1690 2.
256 1655 340 1686 Tuus
366 1656 534 1688 exsultavit
558 1658 687 1696 spiritus

303 1703 341 1734 In
364 1702 432 1734 Deo
456 1704 595 1747 salutari,

258 1748 314 1780 Cui
338 1749 437 1780 omnis
461 1752 546 1781 terra
566 1750 682 1789 ‚iubilet

303 1795 438 1827 Laetitia
462 1796 621 1836 singulari.

860 239 891 270 3,
917 237 968 268 Ad
994 237 1096 268 Deum
1121 236 1162 267 de
1185 236 1255 267 luce
1280 231 1425 273 vigilans,

964 283 1022 321 Qui
1047 285 1078 313 te
1102 281 1178 314 fecit
1202 282 1380 321 gloriosam,

916 329 1000 360 Hinc
1028 331 1059 359 te
1083 328 1270 368 praedicant
1293 326 1418 357 beatam

966 375 1078 407 Omnes
1105 377 1212 414 gentes
1237 373 1418 412 gratiosam.

884 455 891 462 .
917 429 1102 461 Benedicite
1127 436 1224 468 opera

965 476 1076 507 Vestro
1103 478 1215 506 cuncta
1240 473 1385 509 Domino,

917 522 998 553 Nam
1016 522 1158 561 humiles,
1181 520 1235 559 qui
1251 528 1364 558 magna
1381 518 1467 558 fecit,

966 568 1103 607 Virginis
1121 567 1221 599 erexit
1236 567 1269 598 in
1286 565 1464 606 praeconio.

885 652 892 658 .
917 625 1028 656 Lauda
1052 626 1087 655 tu
1113 625 1152 656 de
1176 623 1284 661 caelis,

964 670 1049 703 Filia
1074 670 1158 711 Sion,
1185 669 1364 708 Dominum,

918 718 976 756 Qui
1001 717 1144 749 misereri
1168 724 1346 747 memorans

964 764 1005 796 Se
1028 763 1088 795 tibi
1112 763 1201 795 dedit
1225 761 1332 795 filium.

1032 846 1078 873 Ad
1096 846 1278 874 Benedictus.

849 906 889 936 A.
918 903 1021 943 Super
1046 912 1077 934 es
1101 911 1229 941 summa,
1255 902 1358 940 beata,

920 950 1005 988 Quae
1029 949 1203 991 credidisti,
1229 949 1363 985 domina,

919 998 1041 1036 Angelo
1066 997 1217 1037 nuntiata,

922 1044 1046 1076 Summe
1069 1045 1200 1081 secreta,
1227 1041 1353 1080 femina,

921 1089 1006 1128 Quae
1030 1089 1090 1120 sibi
1117 1088 1195 1121 dixit
1220 1088 1372 1120 Dominus

920 1136 1046 1168 Plebem
1072 1145 1158 1167 suam
1183 1135 1323 1174 visitans,

922 1182 1006 1213 Tuus
1030 1182 1213 1215 benedictus
1236 1181 1330 1214 filius

990 1323 1035 1353 In
1062 1322 1092 1353 2.
1122 1321 1335 1361 VesperiS.

1041 1404 1085 1431 Ad
1104 1403 1281 1441 Mag‘nificat.

887 1498 893 1504 .
924 1470 1022 1502 Laeta
1046 1479 1104 1509 pro
1128 1472 1201 1502 voto
1227 1478 1356 1509 surgens

970 1517 1014 1549 Ut
1038 1518 1131 1549 stella
1154 1516 1316 1557 matutina,

924 1564 962 1595 In
986 1567 1135 1596 montana
1156 1562 1370 1603 progreditur,

971 1611 1047 1650 Ipsa
1070 1610 1157 1650 virgo
1182 1608 1306 1648 festina,

924 1657 1008 1696 Quae
1034 1656 1106 1687 dum
1131 1656 1295 1688 Elisabeth
1322 1656 1440 1688 salutat

970 1705 1009 1736 In
1035 1703 1125 1735 domo
1150 1702 1332 1740 Zachariae,

924 1751 1084 1784 Johannes
1108 1749 1213 1781 infans
1235 1749 1352 1788 jubilat

971 1798 1089 1829 Fructu
1111 1796 1230 1828 ventris
1253 1796 1387 1828 Mariae.

261 1860 344 1887 Brev.
364 1868 416 1887 ms.
434 1860 728 1888 Gallicano-Siculum
747 1863 815 1897 imp.
829 1862 960 1890 Venetiis
982 1860 1061 1888 1527.
1082 1877 1119 1881 —
1138 1861 1179 1888 In
1202 1859 1226 1886 1.
1246 1861 1349 1894 Vesp.
1366 1858 1388 1885 Α
1409 1858 1434 1894 2,
1456 1859 1473 1887 2

187 1898 293 1925 Fructu
312 1899 436 1931 erganzt.
458 1913 490 1917 —
512 1898 551 1924 In
574 1896 596 1924 1.
619 1898 666 1926 No
675 1901 716 1926 et.
739 1897 759 1924 R
783 1898 811 1932 1,
832 1899 848 1926 7
873 1900 1046 1927 Reserentis.
1067 1913 1104 1917 ——
1123 1899 1165 1925 In
1185 1895 1211 1923 2.
1231 1898 1331 1925 Noet.
1354 1896 1375 1923 Α
1396 1895 1427 1931 3,
1456 1896 1473 1925 3

187 1937 216 1962 et
234 1937 356 1970 pei-erpi.
371 1948 407 1953 ——
429 1933 449 1960 R
469 1933 494 1969 3,
518 1933 551 1962 10
571 1937 677 1962 castior
695 1937 777 1971 virgo
792 1938 838 1963 sit.
851 1951 877 1955 -ν

907 1936 948 1963 In
967 1934 993 1963 3.
1011 1937 1113 1963 Noct.
1136 1934 1156 1961 R
1177 1932 1202 1968 3,
1224 1933 1241 1961 2
1257 1944 1319 1971 sqq.
1347 1934 1402 1962 cfr.
1424 1935 1473 1963 Se—

189 1972 293 2005 dulius,
311 1973 402 1999 Garm.
417 1972 520 2000 Pasch.
533 1973 571 2007 11,
589 1971 625 2000 68
640 1981 701 2009 sqq.
717 1988 750 1992 —
771 1974 827 2001 Die
841 1983 877 2001 zu
894 1973 1002 2001 diesem
1019 1972 1151 2001 Officium
1164 1972 1323 2009 gehorigen
1338 1973 1475 2008 Hymnen

189 2010 246 2044 vgl.
266 2009 350 2036 Anal.
370 2009 435 2036 XX.

604 2091 649 2123 39.
678 2092 721 2122 De
742 2092 954 2132 eompassione
974 2092 1059 2123 BMV.

326 2159 370 2190 In
396 2160 426 2191 1.
452 2161 667 2199 Vesperis.

372 2240 464 2277 Super
483 2242 623 2270 Psalmos.

190 2303 228 2333 A.
258 2300 281 2332 Ο
308 2300 411 2332 Maria
435 2302 520 2333 stans
545 2299 601 2331 sub
628 2308 718 2331 cruce

260 2347 489 2387 Triumphante
514 2345 637 2379 Christo
663 2347 742 2378 duee

308 2395 370 2426 Per
393 2397 524 2425 mortem
549 2394 769 2434 turpissimam,

933 2160 1035 2192 Corde
1058 2164 1178 2200 martyr
1203 2161 1361 2201 exstitisti,

929 2208 1055 2247 Anceps
1081 2208 1175 2247 ensis,
1199 2216 1290 2246 quem
1314 2209 1452 2249 sensisti,

978 2254 1078 2286 Tuam
1102 2254 1216 2286 transit
1240 2256 1392 2296 animam3

927 2300 1026 2332 Dolor
1049 2301 1151 2343 cessit,
1179 2309 1244 2332 cum
1271 2304 1418 2346 surrexit,

929 2347 1030 2379 Nobis
1053 2348 1138 2380 vitae
1161 2357 1249 2387 spem
1271 2351 1416 2389 porrexit

977 2395 1165 2427 Praesidens
1188 2397 1220 2427 in
1245 2397 1363 2436 gloria,
