1652 2615
185 324 215 355 1.

171 2306 207 2339 V.

693 125 922 155 ..84-

302 217 347 248 ln
372 218 402 249 2.
429 216 651 248 Noc-turno.

380 275 571 313 Antiphonae.

243 322 327 353 vivit
350 323 435 353 istud
461 321 752 361 circumplectendo,

241 368 279 399 In
302 369 362 400 isto
386 368 601 406 inhabitando,

244 414 323 445 Nam
346 414 497 453 ⁴iustitiam
524 413 682 453 diligendo

237 459 332 502 Deus,
358 460 390 491 in
416 461 500 491 caelo
525 459 615 491 sedes
641 459 716 498 cJ'us.

239 511 384 550 ingressa
408 512 456 541 est
479 510 545 540 sine
566 510 688 541 macula

240 556 363 588 Decora
387 556 465 587 haec
488 556 670 595 virguncula

242 603 425 635 inhabitans
449 602 694 642 tabernaculum,

241 648 450 688 Requiescens
478 648 510 680 in
534 651 638 681 monte
661 652 780 689 sancto,

240 695 315 734 Jp.a
339 703 412 727 vero
437 704 524 727 mons
548 699 673 728 sanctus
698 696 767 728 Dei.

209 773 215 779 .
241 746 360 786 Lauda,
384 745 460 778 felix
485 747 626 787 ecclesia,

288 793 398 824 Almae
421 793 529 825 matris
550 792 725 834 infantiam,

242 838 337 878 Cujus
361 839 512 872 immensa
535 840 636 880 gratia

288 886 360 917 Tibi
383 887 506 925 paravit
530 888 670 926 gloriam.

207 961 212 967 .
238 936 367 975 Templo
390 937 451 968 Dei
474 938 619 970 laudibus

287 983 383 1023 Virgo
409 985 553 1016 dedicata

238 1030 267 1060 A
293 1030 435 1068 supernis
461 1030 579 1062 civibus

290 1074 415 1108 Gaudet
437 1076 574 1110 visitata.

371 1137 575 1169 Responsoria.

212 1208 218 1213 .
244 1181 267 1212 O
293 1181 468 1224 benedicta,
494 1191 511 1213 o
536 1183 678 1222 speciosa

243 1227 338 1266 Virgo
363 1228 527 1268 virginum,
553 1238 570 1260 o
595 1230 738 1269 gloriosa,

243 1273 314 1304 Tibi
336 1273 460 1313 plaudit
482 1276 559 1306 caeli
583 1276 704 1316 militia,

244 1319 291 1351 Te
315 1321 474 1352 collaudat,
496 1325 605 1353 saneta
629 1323 769 1361 ecelesia,

243 1365 355 1397 Omnes
380 1368 536 1399 exsultent

288 1415 318 1442 et
341 1413 450 1444 laudes
475 1422 551 1446 voce
575 1415 734 1450 resultent.

245 1462 380 1494 Offcrtur
404 1468 543 1496 sanctum

289 1509 422 1541 Domino
440 1512 545 1543 vivens
559 1512 781 1555 holocaustum,

242 1554 350 1587 Divini
371 1559 469 1588 totum

294 1603 466 1640 >piraminis
489 1604 562 1644 igne
587 1608 765 1643 crematum,

242 1647 312 1679 Hoc
333 1657 428 1689 super
452 1651 550 1681 altare

291 1695 373 1727 dulci
397 1695 433 1726 fit
456 1706 568 1737 sapore
592 1707 695 1730 suave.

208 1770 214 1777 .
240 1744 426 1778 Recolamus
452 1748 579 1787 virginis
604 1750 714 1781 inclita

242 1792 438 1824 Admiranda
465 1794 593 1826 laudum
616 1797 784 1834 praeconia

247 1837 403 1870 infantilis
428 1841 538 1873 aetatis
562 1843 674 1874 merita

241 1884 284 1915 Et
309 1886 434 1917 virtutis
458 1890 548 1926 grata
572 1889 745 1927 primordia

240 1930 356 1962 Radiat
379 1934 480 1971 gratia

289 1978 358 2009 Jan]
383 1978 415 2008 in
440 1979 587 2020 puellula,

243 2022 286 2054 Et
310 2025 463 2063 sapientia

287 2068 401 2110 Fulget
424 2070 456 2101 in
478 2073 619 2110 parvula.

206 2143 214 2152 .
240 2120 316 2158 Igne
339 2120 399 2152 Dei
422 2119 567 2163 flagrans,

286 2167 366 2198 mira
392 2168 557 2200 dulcedine
580 2170 729 2211 fraglans,

242 2214 356 2246 Sancta
379 2213 446 2245 Deo
472 2216 543 2247 viva

284 2261 390 2299 placet
414 2261 516 2293 hostia
541 2263 626 2302 virgo
651 2263 763 2303 Maria,

240 2307 349 2345 Spirat
371 2308 468 2339 odore
493 2309 571 2340 bono

288 2354 412 2386 caelesti
437 2356 583 2394 praedita
609 2356 699 2389 dono.

856 1562 886 1592 4.

840 1747 877 1779 V.

966 214 1011 245 In
1038 216 1068 247 3.
1096 214 1322 247 Noeturno.

1043 298 1248 332 Responsorhl.

875 388 881 393 .
909 362 1122 403 Praefigurata
1146 361 1286 399 coelituS,

907 409 1111 447 Repromissa
1136 408 1286 439 divinitus

907 455 1003 492 virgo
1028 454 1136 493 prodit
1160 453 1353 492 spectabiliS‚

909 500 1059 532 Omnibus
1086 498 1316 531 desiderabilis.

869 572 876 579 .
911 545 1042 578 Effioret
1065 546 1155 585 virga

955 594 1018 635 pia,
1044 594 1130 633 regia
1156 593 1244 631 virgo
1269 592 1384 625 Maria.

872 692 880 700 .
906 668 998 700 Miris
1024 667 1239 710 varietatibus,

908 715 1088 754 Omnigenis
1112 714 1274 747 ornatibus

910 762 1066 801 Procedit,
1094 769 1175 801 ecce,
1202 761 1371 799 splendida

906 808 1001 848 Regis
1027 808 1184 840 caelorum
1209 806 1283 839 filia.

906 855 999 895 Virgo
1023 864 1139 894 sponsa
1162 854 1220 886 Dei

956 901 1112 941 dignaque
1135 905 1236 933 mater
1262 902 1298 933 ei.

874 1002 880 1008 .
906 976 981 1015 Ipsa
1004 975 1062 1006 Dei
1089 976 1249 1014 templum,

953 1022 1044 1061 petis,
1055 1031 1073 1053 0
1085 1022 1276 1062 virguncula,
1289 1022 1450 1062 templum,

905 1068 1027 1100 Devote
1052 1071 1163 1100 cuncta

952 1116 1086 1153 implens
1114 1116 1221 1147 divina
1245 1133 1291 1137 —
1315 1132 1363 1139 ——
1388 1127 1453 1155 —3

906 1161 1020 1193 Hostia
1043 1162 1183 1201 legitima

955 1209 1047 1239 (latur
1072 1211 1102 1238 et
1127 1209 1232 1247 placet
1253 1208 1357 1240 hostia
1374 1209 1455 1248 viva,

910 1255 1043 1292 Jamque
1067 1254 1265 1286 subarrharis

960 1303 991 1332 at
1012 1301 1142 1340 J'amjam
1170 1309 1285 1341 sponsa
1312 1302 1437 1334 dicaris.

908 1347 1002 1386 Ecce,
1027 1355 1140 1379 novum
1166 1347 1280 1379 melum

955 1394 1043 1425 novit
1069 1395 1253 1433 depromere
1279 1394 1407 1437 eaelum,

911 1440 1092 1480 Agnoscens
1119 1441 1274 1473 dominam

956 1488 1191 1527 suscipiensque
1215 1497 1312 1521 suam.

913 1562 938 1593 O
963 1562 1073 1601 regina
1095 1562 1172 1603 poli,

957 1611 1057 1640 mater
1082 1609 1143 1650 pia,
1172 1610 1259 1648 virgo
1284 1610 1400 1649 Maria,

910 1655 962 1686 Ad
989 1656 1018 1685 te
1044 1655 1214 1686 clamantes

957 1701 1059 1733 salves
1084 1704 1115 1733 et
1139 1703 1264 1741 suscipe
1287 1702 1409 1742 fientes,

911 1747 977 1780 Lux
999 1757 1215 1789 supernorum,
1242 1748 1343 1781 forma
1361 1750 1455 1783 bono-

1234 1806 1313 1837 rum,

957 1849 1029 1880 spes
1053 1843 1248 1874 miserorum.

1013 1980 1077 2012 Ad
1100 1980 1273 2013 Laudes.

1025 2061 1116 2098 Super
1135 2064 1275 2091 Psalmos.

873 2151 879 2157 .
911 2128 978 2159 Ista
1004 2128 1088 2169 virgo
1112 2130 1250 2168 gloriosa

910 2174 1117 2214 Progreditur
1140 2180 1176 2207 ut
1194 2187 1308 2210 aurora

907 2220 997 2252 Nova
1021 2222 1138 2262 quippe
1165 2224 1311 2268 diluculo,

910 2267 1067 2299 Novitatis
1092 2269 1241 2302 miraculo

911 2314 972 2345 Per
996 2314 1077 2346 hanc
1101 2316 1185 2349 orbis
1210 2319 1374 2352 universus

908 2360 994 2393 Luce
1019 2370 1096 2394 vera
1118 2367 1165 2395 est
1189 2374 1362 2405 respersus.
