<?xml version="1.0" encoding="UTF-8"?>
<!DOCTYPE html PUBLIC "-//W3C//DTD XHTML 1.0 Transitional//EN"
    "http://www.w3.org/TR/xhtml1/DTD/xhtml1-transitional.dtd">
<html xmlns="http://www.w3.org/1999/xhtml" xml:lang="en" lang="en">
 <head>
  <title>
</title>
<meta http-equiv="Content-Type" content="text/html;charset=utf-8" />
  <meta name='ocr-system' content='tesseract 3.04.00' />
  <meta name='ocr-capabilities' content='ocr_page ocr_carea ocr_par ocr_line ocrx_word'/>
</head>
<body>
  <div class='ocr_page' id='page_1' title='image "./analectahymnica24drevuoft_00085.png"; bbox 0 0 1652 2615; ppageno 0'>
   <div class='ocr_carea' id='block_1_1' title="bbox 703 133 935 166">
    <p class='ocr_par' dir='ltr' id='par_1_1' title="bbox 703 133 935 166">
     <span class='ocr_line' id='line_1_1' title="bbox 703 133 935 166; baseline -0.009 -8"><span class='ocrx_word' id='word_1_1' title='bbox 703 133 840 166; x_wconf 53' lang='lat'>„82</span> <span class='ocrx_word' id='word_1_2' title='bbox 893 152 935 157; x_wconf 67' lang='grc'>,-</span> 
     </span>
    </p>
   </div>
   <div class='ocr_carea' id='block_1_2' title="bbox 189 227 707 267">
    <p class='ocr_par' dir='ltr' id='par_1_2' title="bbox 189 227 707 267">
     <span class='ocr_line' id='line_1_2' title="bbox 189 227 707 267; baseline -0.006 -7"><span class='ocrx_word' id='word_1_3' title='bbox 189 230 222 260; x_wconf 82' lang='lat'>2.</span> <span class='ocrx_word' id='word_1_4' title='bbox 246 228 373 260; x_wconf 75' lang='lat' dir='ltr'>Perfert</span> <span class='ocrx_word' id='word_1_5' title='bbox 394 228 466 267; x_wconf 82' lang='lat' dir='ltr'>ipsa</span> <span class='ocrx_word' id='word_1_6' title='bbox 488 227 603 266; x_wconf 84' lang='lat' dir='ltr'>templo</span> <span class='ocrx_word' id='word_1_7' title='bbox 627 227 707 265; x_wconf 78' lang='lat' dir='ltr'>sisti,</span> 
     </span>
    </p>
   </div>
   <div class='ocr_carea' id='block_1_3' title="bbox 244 272 787 406">
    <p class='ocr_par' dir='ltr' id='par_1_3' title="bbox 244 272 787 406">
     <span class='ocr_line' id='line_1_3' title="bbox 291 272 765 311; baseline -0.008 -4"><span class='ocrx_word' id='word_1_8' title='bbox 291 276 390 307; x_wconf 87' lang='lat' dir='ltr'>Prout</span> <span class='ocrx_word' id='word_1_9' title='bbox 412 275 495 306; x_wconf 87' lang='lat' dir='ltr'>istud</span> <span class='ocrx_word' id='word_1_10' title='bbox 520 275 571 305; x_wconf 82' lang='lat' dir='ltr'>lex</span> <span class='ocrx_word' id='word_1_11' title='bbox 595 272 765 311; x_wconf 81' lang='lat' dir='ltr'>mandavit,</span> 
     </span>
     <span class='ocr_line' id='line_1_4' title="bbox 244 318 787 360; baseline -0.007 -8"><span class='ocrx_word' id='word_1_12' title='bbox 244 322 319 360; x_wconf 84' lang='lat' dir='ltr'>Ipsa</span> <span class='ocrx_word' id='word_1_13' title='bbox 350 325 453 352; x_wconf 81' lang='lat' dir='ltr'>tamen</span> <span class='ocrx_word' id='word_1_14' title='bbox 487 320 634 358; x_wconf 82' lang='lat' dir='ltr'>templum</span> <span class='ocrx_word' id='word_1_15' title='bbox 662 318 787 359; x_wconf 81' lang='lat' dir='ltr'><strong>Christi,</strong></span> 
     </span>
     <span class='ocr_line' id='line_1_5' title="bbox 293 365 723 406; baseline -0.007 -8"><span class='ocrx_word' id='word_1_16' title='bbox 293 367 380 406; x_wconf 80' lang='lat' dir='ltr'>Quod</span> <span class='ocrx_word' id='word_1_17' title='bbox 405 367 574 398; x_wconf 85' lang='lat' dir='ltr'>altissimus</span> <span class='ocrx_word' id='word_1_18' title='bbox 600 365 723 396; x_wconf 80' lang='lat' dir='ltr'>dicavit.</span> 
     </span>
    </p>
   </div>
   <div class='ocr_carea' id='block_1_4' title="bbox 190 430 737 469">
    <p class='ocr_par' dir='ltr' id='par_1_4' title="bbox 190 430 737 469">
     <span class='ocr_line' id='line_1_6' title="bbox 190 430 737 469; baseline -0.009 -5"><span class='ocrx_word' id='word_1_19' title='bbox 190 433 222 464; x_wconf 82' lang='lat'>3.</span> <span class='ocrx_word' id='word_1_20' title='bbox 251 432 348 469; x_wconf 83' lang='lat' dir='ltr'>Quam</span> <span class='ocrx_word' id='word_1_21' title='bbox 372 430 461 468; x_wconf 86' lang='lat' dir='ltr'>mira,</span> <span class='ocrx_word' id='word_1_22' title='bbox 486 438 577 469; x_wconf 86' lang='lat' dir='ltr'>quam</span> <span class='ocrx_word' id='word_1_23' title='bbox 601 430 737 468; x_wconf 84' lang='lat' dir='ltr'>gloriosa</span> 
     </span>
    </p>
   </div>
   <div class='ocr_carea' id='block_1_5' title="bbox 176 2011 213 2043">
    <p class='ocr_par' dir='ltr' id='par_1_5' title="bbox 176 2011 213 2043">
     <span class='ocr_line' id='line_1_7' title="bbox 176 2011 213 2043; baseline 0.054 -2"><span class='ocrx_word' id='word_1_24' title='bbox 176 2011 213 2043; x_wconf 83' lang='lat' dir='ltr'>V.</span> 
     </span>
    </p>
   </div>
   <div class='ocr_carea' id='block_1_6' title="bbox 172 2310 207 2342">
    <p class='ocr_par' dir='ltr' id='par_1_6' title="bbox 172 2310 207 2342">
     <span class='ocr_line' id='line_1_8' title="bbox 172 2310 207 2342; baseline -0.029 0"><span class='ocrx_word' id='word_1_25' title='bbox 172 2310 207 2342; x_wconf 79' lang='lat' dir='ltr'>V.</span> 
     </span>
    </p>
   </div>
   <div class='ocr_carea' id='block_1_7' title="bbox 250 475 788 608">
    <p class='ocr_par' dir='ltr' id='par_1_7' title="bbox 250 475 788 608">
     <span class='ocr_line' id='line_1_9' title="bbox 294 475 787 517; baseline -0.01 -9"><span class='ocrx_word' id='word_1_26' title='bbox 294 477 343 508; x_wconf 92' lang='lat' dir='ltr'>De</span> <span class='ocrx_word' id='word_1_27' title='bbox 365 479 396 506; x_wconf 85' lang='lat' dir='ltr'>te</span> <span class='ocrx_word' id='word_1_28' title='bbox 421 476 531 517; x_wconf 85' lang='lat' dir='ltr'>dicam,</span> <span class='ocrx_word' id='word_1_29' title='bbox 557 475 617 506; x_wconf 88' lang='lat' dir='ltr'>Dei</span> <span class='ocrx_word' id='word_1_30' title='bbox 642 478 787 515; x_wconf 87' lang='lat' dir='ltr'>castrum,</span> 
     </span>
     <span class='ocr_line' id='line_1_10' title="bbox 250 520 788 563; baseline -0.006 -9"><span class='ocrx_word' id='word_1_31' title='bbox 250 524 341 554; x_wconf 64' lang='lat' dir='ltr'>Nunc</span> <span class='ocrx_word' id='word_1_32' title='bbox 356 523 529 563; x_wconf 80' lang='lat' dir='ltr'>praeclara,</span> <span class='ocrx_word' id='word_1_33' title='bbox 547 530 629 552; x_wconf 87' lang='lat' dir='ltr'>nunc</span> <span class='ocrx_word' id='word_1_34' title='bbox 641 520 788 558; x_wconf 81' lang='lat' dir='ltr'>formosa,</span> 
     </span>
     <span class='ocr_line' id='line_1_11' title="bbox 292 569 786 608; baseline -0.002 -8"><span class='ocrx_word' id='word_1_35' title='bbox 292 569 393 608; x_wconf 80' lang='lat' dir='ltr'>Super</span> <span class='ocrx_word' id='word_1_36' title='bbox 410 577 499 599; x_wconf 90' lang='lat' dir='ltr'>omne</span> <span class='ocrx_word' id='word_1_37' title='bbox 511 577 644 607; x_wconf 84' lang='lat' dir='ltr'>regnans</span> <span class='ocrx_word' id='word_1_38' title='bbox 658 571 786 600; x_wconf 67' lang='lat' dir='ltr'>asilum.</span> 
     </span>
    </p>
   </div>
   <div class='ocr_carea' id='block_1_8' title="bbox 382 660 583 695">
    <p class='ocr_par' dir='ltr' id='par_1_8' title="bbox 382 660 583 695">
     <span class='ocr_line' id='line_1_12' title="bbox 382 660 583 695; baseline -0.01 -8"><span class='ocrx_word' id='word_1_39' title='bbox 382 660 583 695; x_wconf 63' lang='lat' dir='ltr'>Respontoria.</span> 
     </span>
    </p>
   </div>
   <div class='ocr_carea' id='block_1_9' title="bbox 211 716 542 749">
    <p class='ocr_par' dir='ltr' id='par_1_9' title="bbox 211 716 542 749">
     <span class='ocr_line' id='line_1_13' title="bbox 211 716 542 749; baseline -0.003 -1"><span class='ocrx_word' id='word_1_40' title='bbox 211 741 218 748; x_wconf 94' lang='lat'>.</span> <span class='ocrx_word' id='word_1_41' title='bbox 246 716 380 749; x_wconf 86' lang='lat' dir='ltr'>Offertur</span> <span class='ocrx_word' id='word_1_42' title='bbox 404 720 542 748; x_wconf 81' lang='lat' dir='ltr'>sanctum</span> 
     </span>
    </p>
   </div>
   <div class='ocr_carea' id='block_1_10' title="bbox 244 763 787 981">
    <p class='ocr_par' dir='ltr' id='par_1_10' title="bbox 246 763 787 842">
     <span class='ocr_line' id='line_1_14' title="bbox 292 763 787 802; baseline -0.002 -7"><span class='ocrx_word' id='word_1_43' title='bbox 292 764 424 795; x_wconf 88' lang='lat' dir='ltr'>Domino</span> <span class='ocrx_word' id='word_1_44' title='bbox 441 764 549 795; x_wconf 81' lang='lat' dir='ltr'>vivens</span> <span class='ocrx_word' id='word_1_45' title='bbox 562 763 787 802; x_wconf 84' lang='lat' dir='ltr'>holocaustum,</span> 
     </span>
     <span class='ocr_line' id='line_1_15' title="bbox 246 810 478 842; baseline -0.009 0"><span class='ocrx_word' id='word_1_46' title='bbox 246 810 356 842; x_wconf 88' lang='lat' dir='ltr'>Divini</span> <span class='ocrx_word' id='word_1_47' title='bbox 381 812 478 841; x_wconf 88' lang='lat' dir='ltr'>totum</span> 
     </span>
    </p>

    <p class='ocr_par' dir='ltr' id='par_1_11' title="bbox 244 856 767 942">
     <span class='ocr_line' id='line_1_16' title="bbox 289 856 767 897; baseline 0 -9"><span class='ocrx_word' id='word_1_48' title='bbox 289 856 467 896; x_wconf 81' lang='lat' dir='ltr'>spiraminis</span> <span class='ocrx_word' id='word_1_49' title='bbox 490 857 562 897; x_wconf 84' lang='lat' dir='ltr'>igne</span> <span class='ocrx_word' id='word_1_50' title='bbox 588 860 767 895; x_wconf 80' lang='lat' dir='ltr'>crematum,</span> 
     </span>
     <span class='ocr_line' id='line_1_17' title="bbox 244 904 552 942; baseline 0 -8"><span class='ocrx_word' id='word_1_51' title='bbox 244 904 312 936; x_wconf 84' lang='lat' dir='ltr'>Hoc</span> <span class='ocrx_word' id='word_1_52' title='bbox 335 911 429 942; x_wconf 86' lang='lat' dir='ltr'>super</span> <span class='ocrx_word' id='word_1_53' title='bbox 453 904 552 935; x_wconf 83' lang='lat' dir='ltr'>altare</span> 
     </span>
    </p>

    <p class='ocr_par' dir='ltr' id='par_1_12' title="bbox 295 948 686 981">
     <span class='ocr_line' id='line_1_18' title="bbox 295 948 686 981; baseline -0.003 0"><span class='ocrx_word' id='word_1_54' title='bbox 295 950 378 981; x_wconf 77' lang='lat' dir='ltr'>dulci</span> <span class='ocrx_word' id='word_1_55' title='bbox 402 948 437 980; x_wconf 89' lang='lat' dir='ltr'>fit</span> <span class='ocrx_word' id='word_1_56' title='bbox 462 950 559 981; x_wconf 86' lang='lat' dir='ltr'>odore</span> <span class='ocrx_word' id='word_1_57' title='bbox 582 958 686 981; x_wconf 86' lang='lat' dir='ltr'>suave.</span> 
     </span>
    </p>
   </div>
   <div class='ocr_carea' id='block_1_11' title="bbox 214 1012 583 1054">
    <p class='ocr_par' dir='ltr' id='par_1_13' title="bbox 214 1012 583 1054">
     <span class='ocr_line' id='line_1_19' title="bbox 214 1012 583 1054; baseline 0 -10"><span class='ocrx_word' id='word_1_58' title='bbox 214 1038 220 1044; x_wconf 96' lang='lat'>.</span> <span class='ocrx_word' id='word_1_59' title='bbox 246 1014 322 1052; x_wconf 84' lang='lat' dir='ltr'>Igne</span> <span class='ocrx_word' id='word_1_60' title='bbox 345 1014 405 1045; x_wconf 90' lang='lat' dir='ltr'>Dei</span> <span class='ocrx_word' id='word_1_61' title='bbox 429 1012 583 1054; x_wconf 81' lang='lat' dir='ltr'>fragrans,</span> 
     </span>
    </p>
   </div>
   <div class='ocr_carea' id='block_1_12' title="bbox 244 1059 772 1284">
    <p class='ocr_par' dir='ltr' id='par_1_14' title="bbox 244 1059 741 1139">
     <span class='ocr_line' id='line_1_20' title="bbox 292 1059 741 1101; baseline 0.004 -10"><span class='ocrx_word' id='word_1_62' title='bbox 292 1060 375 1091; x_wconf 88' lang='lat' dir='ltr'>dulci</span> <span class='ocrx_word' id='word_1_63' title='bbox 399 1060 568 1098; x_wconf 83' lang='lat' dir='ltr'>spiramine</span> <span class='ocrx_word' id='word_1_64' title='bbox 591 1059 741 1101; x_wconf 84' lang='lat' dir='ltr'>fraglans‚</span> 
     </span>
     <span class='ocr_line' id='line_1_21' title="bbox 244 1105 545 1139; baseline 0.007 -2"><span class='ocrx_word' id='word_1_65' title='bbox 244 1105 359 1138; x_wconf 84' lang='lat' dir='ltr'>Sancta</span> <span class='ocrx_word' id='word_1_66' title='bbox 381 1106 448 1137; x_wconf 91' lang='lat' dir='ltr'>Deo</span> <span class='ocrx_word' id='word_1_67' title='bbox 473 1107 545 1139; x_wconf 86' lang='lat' dir='ltr'>viva</span> 
     </span>
    </p>

    <p class='ocr_par' dir='ltr' id='par_1_15' title="bbox 245 1153 772 1238">
     <span class='ocr_line' id='line_1_22' title="bbox 292 1153 772 1192; baseline 0.002 -8"><span class='ocrx_word' id='word_1_68' title='bbox 292 1153 397 1191; x_wconf 83' lang='lat' dir='ltr'>placet</span> <span class='ocrx_word' id='word_1_69' title='bbox 420 1153 523 1185; x_wconf 88' lang='lat' dir='ltr'>hostia</span> <span class='ocrx_word' id='word_1_70' title='bbox 548 1153 634 1192; x_wconf 88' lang='lat' dir='ltr'>virgo</span> <span class='ocrx_word' id='word_1_71' title='bbox 658 1154 772 1192; x_wconf 78' lang='lat' dir='ltr'>Maria,</span> 
     </span>
     <span class='ocr_line' id='line_1_23' title="bbox 245 1198 574 1238; baseline 0.003 -8"><span class='ocrx_word' id='word_1_72' title='bbox 245 1198 351 1238; x_wconf 80' lang='lat' dir='ltr'>Spirat</span> <span class='ocrx_word' id='word_1_73' title='bbox 373 1199 470 1230; x_wconf 85' lang='lat' dir='ltr'>odore</span> <span class='ocrx_word' id='word_1_74' title='bbox 493 1200 574 1231; x_wconf 85' lang='lat' dir='ltr'>bono</span> 
     </span>
    </p>

    <p class='ocr_par' dir='ltr' id='par_1_16' title="bbox 295 1246 706 1284">
     <span class='ocr_line' id='line_1_24' title="bbox 295 1246 706 1284; baseline 0.005 -8"><span class='ocrx_word' id='word_1_75' title='bbox 295 1246 421 1277; x_wconf 82' lang='lat' dir='ltr'>caelesti</span> <span class='ocrx_word' id='word_1_76' title='bbox 444 1246 589 1284; x_wconf 86' lang='lat' dir='ltr'>praedita</span> <span class='ocrx_word' id='word_1_77' title='bbox 615 1246 706 1278; x_wconf 90' lang='lat' dir='ltr'>dono.</span> 
     </span>
    </p>
   </div>
   <div class='ocr_carea' id='block_1_13' title="bbox 210 1308 622 1349">
    <p class='ocr_par' dir='ltr' id='par_1_17' title="bbox 210 1308 622 1349">
     <span class='ocr_line' id='line_1_25' title="bbox 210 1308 622 1349; baseline 0.005 -10"><span class='ocrx_word' id='word_1_78' title='bbox 210 1332 216 1339; x_wconf 95' lang='lat'><strong>.</strong></span> <span class='ocrx_word' id='word_1_79' title='bbox 243 1308 456 1349; x_wconf 82' lang='lat' dir='ltr'>Praefigurata</span> <span class='ocrx_word' id='word_1_80' title='bbox 483 1310 622 1349; x_wconf 78' lang='lat' dir='ltr'>caelituS,</span> 
     </span>
    </p>
   </div>
   <div class='ocr_carea' id='block_1_14' title="bbox 241 1355 704 1582">
    <p class='ocr_par' dir='ltr' id='par_1_18' title="bbox 241 1355 691 1537">
     <span class='ocr_line' id='line_1_26' title="bbox 245 1355 634 1395; baseline 0.003 -9"><span class='ocrx_word' id='word_1_81' title='bbox 245 1355 449 1394; x_wconf 71' lang='lat' dir='ltr'>Repromissa,</span> <span class='ocrx_word' id='word_1_82' title='bbox 473 1356 634 1395; x_wconf 74' lang='lat' dir='ltr'>divinitus,</span> 
     </span>
     <span class='ocr_line' id='line_1_27' title="bbox 246 1401 691 1443; baseline 0.004 -11"><span class='ocrx_word' id='word_1_83' title='bbox 246 1401 341 1441; x_wconf 84' lang='lat' dir='ltr'>Virgo</span> <span class='ocrx_word' id='word_1_84' title='bbox 367 1403 474 1440; x_wconf 86' lang='lat' dir='ltr'>prodit</span> <span class='ocrx_word' id='word_1_85' title='bbox 498 1403 691 1443; x_wconf 81' lang='lat' dir='ltr'>spectabilis,</span> 
     </span>
     <span class='ocr_line' id='line_1_28' title="bbox 246 1448 656 1492; baseline 0.005 -14"><span class='ocrx_word' id='word_1_86' title='bbox 246 1448 393 1479; x_wconf 87' lang='lat' dir='ltr'>Omnibus</span> <span class='ocrx_word' id='word_1_87' title='bbox 419 1449 656 1492; x_wconf 80' lang='lat' dir='ltr'>desiderabilis3</span> 
     </span>
     <span class='ocr_line' id='line_1_29' title="bbox 241 1493 496 1537; baseline 0.008 -13"><span class='ocrx_word' id='word_1_88' title='bbox 241 1493 375 1526; x_wconf 87' lang='lat' dir='ltr'>Effloret</span> <span class='ocrx_word' id='word_1_89' title='bbox 399 1495 496 1537; x_wconf 82' lang='lat' dir='ltr'>virga,</span> 
     </span>
    </p>

    <p class='ocr_par' dir='ltr' id='par_1_19' title="bbox 291 1542 704 1582">
     <span class='ocr_line' id='line_1_30' title="bbox 291 1542 704 1582; baseline 0.007 -11"><span class='ocrx_word' id='word_1_90' title='bbox 291 1542 346 1580; x_wconf 78' lang='lat' dir='ltr'>pia</span> <span class='ocrx_word' id='word_1_91' title='bbox 369 1542 457 1581; x_wconf 79' lang='lat' dir='ltr'>regia</span> <span class='ocrx_word' id='word_1_92' title='bbox 478 1543 566 1582; x_wconf 76' lang='lat' dir='ltr'>virgo</span> <span class='ocrx_word' id='word_1_93' title='bbox 590 1543 704 1575; x_wconf 72' lang='lat' dir='ltr'>Maria.</span> 
     </span>
    </p>
   </div>
   <div class='ocr_carea' id='block_1_15' title="bbox 309 1680 658 1715">
    <p class='ocr_par' dir='ltr' id='par_1_20' title="bbox 309 1680 658 1715">
     <span class='ocr_line' id='line_1_31' title="bbox 309 1680 658 1715; baseline 0.009 -3"><span class='ocrx_word' id='word_1_94' title='bbox 309 1680 354 1712; x_wconf 89' lang='lat' dir='ltr'>In</span> <span class='ocrx_word' id='word_1_95' title='bbox 380 1681 411 1712; x_wconf 86' lang='lat'>3.</span> <span class='ocrx_word' id='word_1_96' title='bbox 436 1680 658 1715; x_wconf 86' lang='lat' dir='ltr'>Nocturno.</span> 
     </span>
    </p>
   </div>
   <div class='ocr_carea' id='block_1_16' title="bbox 383 1763 587 1798">
    <p class='ocr_par' dir='ltr' id='par_1_21' title="bbox 383 1763 587 1798">
     <span class='ocr_line' id='line_1_32' title="bbox 383 1763 587 1798; baseline 0.01 -9"><span class='ocrx_word' id='word_1_97' title='bbox 383 1763 433 1790; x_wconf 46' lang='lat' dir='ltr'>Rei</span> <span class='ocrx_word' id='word_1_98' title='bbox 439 1765 587 1798; x_wconf 62' lang='lat' dir='ltr'>ponsoria.</span> 
     </span>
    </p>
   </div>
   <div class='ocr_carea' id='block_1_17' title="bbox 213 1828 575 1871">
    <p class='ocr_par' dir='ltr' id='par_1_22' title="bbox 213 1828 575 1871">
     <span class='ocr_line' id='line_1_33' title="bbox 213 1828 575 1871; baseline 0.003 -11"><span class='ocrx_word' id='word_1_99' title='bbox 213 1854 220 1860; x_wconf 91' lang='lat'><strong>.</strong></span> <span class='ocrx_word' id='word_1_100' title='bbox 246 1828 338 1859; x_wconf 85' lang='lat' dir='ltr'>Miris</span> <span class='ocrx_word' id='word_1_101' title='bbox 364 1829 575 1871; x_wconf 83' lang='lat' dir='ltr'>varictatibus,</span> 
     </span>
    </p>
   </div>
   <div class='ocr_carea' id='block_1_18' title="bbox 244 1874 704 2099">
    <p class='ocr_par' dir='ltr' id='par_1_23' title="bbox 244 1874 704 2099">
     <span class='ocr_line' id='line_1_34' title="bbox 245 1874 609 1914; baseline 0 -8"><span class='ocrx_word' id='word_1_102' title='bbox 245 1874 424 1914; x_wconf 69' lang='lat' dir='ltr'>omnigenis</span> <span class='ocrx_word' id='word_1_103' title='bbox 449 1875 609 1907; x_wconf 84' lang='lat' dir='ltr'>ornatibus</span> 
     </span>
     <span class='ocr_line' id='line_1_35' title="bbox 245 1920 704 1962; baseline 0.009 -11"><span class='ocrx_word' id='word_1_104' title='bbox 245 1920 404 1961; x_wconf 73' lang='lat' dir='ltr'>Procedit,</span> <span class='ocrx_word' id='word_1_105' title='bbox 430 1930 511 1960; x_wconf 84' lang='lat' dir='ltr'>eece,</span> <span class='ocrx_word' id='word_1_106' title='bbox 537 1922 704 1962; x_wconf 81' lang='lat' dir='ltr'>splendida</span> 
     </span>
     <span class='ocr_line' id='line_1_36' title="bbox 244 1966 618 2008; baseline 0.005 -11"><span class='ocrx_word' id='word_1_107' title='bbox 244 1966 338 2006; x_wconf 82' lang='lat' dir='ltr'>Regis</span> <span class='ocrx_word' id='word_1_108' title='bbox 364 1967 517 1998; x_wconf 76' lang='lat' dir='ltr'>caelorum</span> <span class='ocrx_word' id='word_1_109' title='bbox 542 1968 618 2008; x_wconf 83' lang='lat' dir='ltr'>filia,</span> 
     </span>
     <span class='ocr_line' id='line_1_37' title="bbox 245 2012 577 2051; baseline 0.003 -8"><span class='ocrx_word' id='word_1_110' title='bbox 245 2012 351 2051; x_wconf 86' lang='lat' dir='ltr'>Virgo,</span> <span class='ocrx_word' id='word_1_111' title='bbox 377 2022 494 2051; x_wconf 86' lang='lat' dir='ltr'>sponsa</span> <span class='ocrx_word' id='word_1_112' title='bbox 517 2015 577 2046; x_wconf 86' lang='lat' dir='ltr'>Dei</span> 
     </span>
     <span class='ocr_line' id='line_1_38' title="bbox 295 2059 633 2099; baseline 0.009 -10"><span class='ocrx_word' id='word_1_113' title='bbox 295 2059 448 2099; x_wconf 80' lang='lat' dir='ltr'>dignaque</span> <span class='ocrx_word' id='word_1_114' title='bbox 471 2064 571 2092; x_wconf 87' lang='lat' dir='ltr'>mater</span> <span class='ocrx_word' id='word_1_115' title='bbox 596 2061 633 2092; x_wconf 91' lang='lat' dir='ltr'>ei.</span> 
     </span>
    </p>
   </div>
   <div class='ocr_carea' id='block_1_19' title="bbox 211 2126 675 2165">
    <p class='ocr_par' dir='ltr' id='par_1_24' title="bbox 211 2126 675 2165">
     <span class='ocr_line' id='line_1_39' title="bbox 211 2126 675 2165; baseline 0.004 -10"><span class='ocrx_word' id='word_1_116' title='bbox 211 2149 217 2155; x_wconf 95' lang='lat'>.</span> <span class='ocrx_word' id='word_1_117' title='bbox 244 2126 324 2164; x_wconf 88' lang='lat' dir='ltr'>Ave,</span> <span class='ocrx_word' id='word_1_118' title='bbox 349 2132 470 2164; x_wconf 83' lang='lat' dir='ltr'>gemma</span> <span class='ocrx_word' id='word_1_119' title='bbox 492 2126 675 2165; x_wconf 81' lang='lat' dir='ltr'>principalis</span> 
     </span>
    </p>
   </div>
   <div class='ocr_carea' id='block_1_20' title="bbox 239 2170 729 2399">
    <p class='ocr_par' dir='ltr' id='par_1_25' title="bbox 244 2170 627 2214">
     <span class='ocr_line' id='line_1_40' title="bbox 244 2170 627 2214; baseline 0.005 -13"><span class='ocrx_word' id='word_1_120' title='bbox 244 2170 419 2202; x_wconf 80' lang='lat' dir='ltr'>Universae</span> <span class='ocrx_word' id='word_1_121' title='bbox 442 2173 627 2214; x_wconf 64' lang='lat' dir='ltr'>sanctitatis,</span> 
     </span>
    </p>

    <p class='ocr_par' dir='ltr' id='par_1_26' title="bbox 243 2216 655 2258">
     <span class='ocr_line' id='line_1_41' title="bbox 243 2216 655 2258; baseline 0.002 -9"><span class='ocrx_word' id='word_1_122' title='bbox 243 2217 267 2249; x_wconf 93' lang='lat' dir='ltr'>O</span> <span class='ocrx_word' id='word_1_123' title='bbox 293 2216 406 2256; x_wconf 84' lang='lat' dir='ltr'>Maria,</span> <span class='ocrx_word' id='word_1_124' title='bbox 433 2226 450 2249; x_wconf 92' lang='lat' dir='ltr'>o</span> <span class='ocrx_word' id='word_1_125' title='bbox 476 2227 567 2257; x_wconf 86' lang='lat' dir='ltr'>quam</span> <span class='ocrx_word' id='word_1_126' title='bbox 592 2220 655 2258; x_wconf 83' lang='lat' dir='ltr'>pia,</span> 
     </span>
    </p>

    <p class='ocr_par' dir='ltr' id='par_1_27' title="bbox 239 2264 729 2399">
     <span class='ocr_line' id='line_1_42' title="bbox 242 2264 729 2306; baseline 0.006 -11"><span class='ocrx_word' id='word_1_127' title='bbox 242 2264 266 2295; x_wconf 94' lang='lat' dir='ltr'>O</span> <span class='ocrx_word' id='word_1_128' title='bbox 293 2264 434 2306; x_wconf 84' lang='lat' dir='ltr'>benigna,</span> <span class='ocrx_word' id='word_1_129' title='bbox 461 2274 478 2296; x_wconf 98' lang='lat'><em>0</em></span> <span class='ocrx_word' id='word_1_130' title='bbox 503 2274 593 2305; x_wconf 84' lang='lat' dir='ltr'>quam</span> <span class='ocrx_word' id='word_1_131' title='bbox 621 2267 729 2306; x_wconf 76' lang='lat' dir='ltr'>digna!</span> 
     </span>
     <span class='ocr_line' id='line_1_43' title="bbox 239 2310 680 2352; baseline 0.009 -11"><span class='ocrx_word' id='word_1_132' title='bbox 239 2310 335 2351; x_wconf 82' lang='lat' dir='ltr'>Virgo</span> <span class='ocrx_word' id='word_1_133' title='bbox 360 2313 470 2352; x_wconf 85' lang='lat' dir='ltr'>mater,</span> <span class='ocrx_word' id='word_1_134' title='bbox 497 2312 580 2344; x_wconf 89' lang='lat' dir='ltr'>omni</span> <span class='ocrx_word' id='word_1_135' title='bbox 604 2313 680 2345; x_wconf 79' lang='lat' dir='ltr'>hora</span> 
     </span>
     <span class='ocr_line' id='line_1_44' title="bbox 240 2357 721 2399; baseline 0.008 -10"><span class='ocrx_word' id='word_1_136' title='bbox 240 2357 355 2391; x_wconf 81' lang='lat' dir='ltr'>Natum</span> <span class='ocrx_word' id='word_1_137' title='bbox 381 2367 439 2398; x_wconf 88' lang='lat' dir='ltr'>pro</span> <span class='ocrx_word' id='word_1_138' title='bbox 462 2359 553 2391; x_wconf 89' lang='lat' dir='ltr'>nobis</span> <span class='ocrx_word' id='word_1_139' title='bbox 579 2359 721 2399; x_wconf 84' lang='lat' dir='ltr'>implora.</span> 
     </span>
    </p>
   </div>
   <div class='ocr_carea' id='block_1_21' title="bbox 1013 227 1307 259">
    <p class='ocr_par' dir='ltr' id='par_1_28' title="bbox 1013 227 1307 259">
     <span class='ocr_line' id='line_1_45' title="bbox 1013 227 1307 259; baseline 0.003 -1"><span class='ocrx_word' id='word_1_140' title='bbox 1013 227 1058 258; x_wconf 80' lang='lat' dir='ltr'>In</span> <span class='ocrx_word' id='word_1_141' title='bbox 1083 227 1307 259; x_wconf 74' lang='lat' dir='ltr'>Laudibus.</span> 
     </span>
    </p>
   </div>
   <div class='ocr_carea' id='block_1_22' title="bbox 1061 309 1254 344">
    <p class='ocr_par' dir='ltr' id='par_1_29' title="bbox 1061 309 1254 344">
     <span class='ocr_line' id='line_1_46' title="bbox 1061 309 1254 344; baseline 0 -8"><span class='ocrx_word' id='word_1_142' title='bbox 1061 309 1254 344; x_wconf 80' lang='lat' dir='ltr'>Antiphonae..</span> 
     </span>
    </p>
   </div>
   <div class='ocr_carea' id='block_1_23' title="bbox 859 365 1256 405">
    <p class='ocr_par' dir='ltr' id='par_1_30' title="bbox 859 365 1256 405">
     <span class='ocr_line' id='line_1_47' title="bbox 859 365 1256 405; baseline 0 -9"><span class='ocrx_word' id='word_1_143' title='bbox 859 365 888 396; x_wconf 92' lang='lat'>1.</span> <span class='ocrx_word' id='word_1_144' title='bbox 914 365 1050 404; x_wconf 83' lang='lat' dir='ltr'>Surgens</span> <span class='ocrx_word' id='word_1_145' title='bbox 1074 369 1110 396; x_wconf 92' lang='lat' dir='ltr'>ut</span> <span class='ocrx_word' id='word_1_146' title='bbox 1133 374 1256 405; x_wconf 69' lang='lat' dir='ltr'>aurora,</span> 
     </span>
    </p>
   </div>
   <div class='ocr_carea' id='block_1_24' title="bbox 915 411 1411 543">
    <p class='ocr_par' dir='ltr' id='par_1_31' title="bbox 915 411 1411 543">
     <span class='ocr_line' id='line_1_48' title="bbox 963 411 1411 452; baseline -0.002 -9"><span class='ocrx_word' id='word_1_147' title='bbox 963 412 1132 443; x_wconf 81' lang='lat' dir='ltr'>benedicta</span> <span class='ocrx_word' id='word_1_148' title='bbox 1154 411 1260 443; x_wconf 80' lang='lat' dir='ltr'>Maria.</span> <span class='ocrx_word' id='word_1_149' title='bbox 1286 411 1411 452; x_wconf 82' lang='lat' dir='ltr'>decora,</span> 
     </span>
     <span class='ocr_line' id='line_1_49' title="bbox 915 455 1240 495; baseline -0.003 -7"><span class='ocrx_word' id='word_1_150' title='bbox 915 456 1079 495; x_wconf 79' lang='lat' dir='ltr'>Respicias</span> <span class='ocrx_word' id='word_1_151' title='bbox 1105 455 1240 488; x_wconf 86' lang='lat' dir='ltr'>famulos</span> 
     </span>
     <span class='ocr_line' id='line_1_50' title="bbox 961 502 1338 543; baseline 0.003 -10"><span class='ocrx_word' id='word_1_152' title='bbox 961 511 1029 541; x_wconf 90' lang='lat' dir='ltr'>nos,</span> <span class='ocrx_word' id='word_1_153' title='bbox 1055 504 1111 541; x_wconf 79' lang='lat' dir='ltr'>pia</span> <span class='ocrx_word' id='word_1_154' title='bbox 1132 502 1231 543; x_wconf 86' lang='lat' dir='ltr'>virgo,</span> <span class='ocrx_word' id='word_1_155' title='bbox 1257 506 1338 534; x_wconf 86' lang='lat' dir='ltr'>tuos.</span> 
     </span>
    </p>
   </div>
   <div class='ocr_carea' id='block_1_25' title="bbox 882 558 1152 598">
    <p class='ocr_par' dir='ltr' id='par_1_32' title="bbox 882 558 1152 598">
     <span class='ocr_line' id='line_1_51' title="bbox 882 558 1152 598; baseline -0.007 -7"><span class='ocrx_word' id='word_1_156' title='bbox 882 584 889 591; x_wconf 93' lang='lat'><strong>.</strong></span> <span class='ocrx_word' id='word_1_157' title='bbox 917 558 1001 598; x_wconf 85' lang='lat' dir='ltr'>Ignis</span> <span class='ocrx_word' id='word_1_158' title='bbox 1029 559 1152 590; x_wconf 90' lang='lat' dir='ltr'>divinus</span> 
     </span>
    </p>
   </div>
   <div class='ocr_carea' id='block_1_26' title="bbox 916 605 1376 733">
    <p class='ocr_par' dir='ltr' id='par_1_33' title="bbox 916 605 1376 733">
     <span class='ocr_line' id='line_1_52' title="bbox 962 605 1376 645; baseline 0.005 -10"><span class='ocrx_word' id='word_1_159' title='bbox 962 608 998 635; x_wconf 85' lang='lat' dir='ltr'>ut</span> <span class='ocrx_word' id='word_1_160' title='bbox 1020 614 1078 636; x_wconf 86' lang='lat' dir='ltr'>nos</span> <span class='ocrx_word' id='word_1_161' title='bbox 1101 605 1258 637; x_wconf 78' lang='lat' dir='ltr'>illuminet</span> <span class='ocrx_word' id='word_1_162' title='bbox 1281 606 1376 645; x_wconf 76' lang='lat' dir='ltr'>intus,</span> 
     </span>
     <span class='ocr_line' id='line_1_53' title="bbox 916 650 1258 694; baseline 0.006 -12"><span class='ocrx_word' id='word_1_163' title='bbox 916 650 1033 683; x_wconf 83' lang='lat' dir='ltr'>Sancta</span> <span class='ocrx_word' id='word_1_164' title='bbox 1056 652 1170 694; x_wconf 79' lang='lat' dir='ltr'>Maria,</span> <span class='ocrx_word' id='word_1_165' title='bbox 1197 653 1258 684; x_wconf 89' lang='lat' dir='ltr'>tuis</span> 
     </span>
     <span class='ocr_line' id='line_1_54' title="bbox 961 698 1259 733; baseline 0.007 -4"><span class='ocrx_word' id='word_1_166' title='bbox 961 698 1104 730; x_wconf 87' lang='lat' dir='ltr'>obtineas</span> <span class='ocrx_word' id='word_1_167' title='bbox 1128 699 1259 733; x_wconf 83' lang='lat' dir='ltr'>meritis,</span> 
     </span>
    </p>
   </div>
   <div class='ocr_carea' id='block_1_27' title="bbox 882 754 1216 794">
    <p class='ocr_par' dir='ltr' id='par_1_34' title="bbox 882 754 1216 794">
     <span class='ocr_line' id='line_1_55' title="bbox 882 754 1216 794; baseline 0 -8"><span class='ocrx_word' id='word_1_168' title='bbox 882 779 889 786; x_wconf 94' lang='lat'>.</span> <span class='ocrx_word' id='word_1_169' title='bbox 916 754 1021 786; x_wconf 78' lang='lat' dir='ltr'>Prava</span> <span class='ocrx_word' id='word_1_170' title='bbox 1043 754 1216 794; x_wconf 82' lang='lat' dir='ltr'>refrigeant</span> 
     </span>
    </p>
   </div>
   <div class='ocr_carea' id='block_1_28' title="bbox 916 801 1438 935">
    <p class='ocr_par' dir='ltr' id='par_1_35' title="bbox 916 801 1438 935">
     <span class='ocr_line' id='line_1_56' title="bbox 961 801 1438 838; baseline 0.002 -7"><span class='ocrx_word' id='word_1_171' title='bbox 961 801 995 831; x_wconf 87' lang='lat' dir='ltr'>in</span> <span class='ocrx_word' id='word_1_172' title='bbox 1020 801 1111 833; x_wconf 90' lang='lat' dir='ltr'>nobis</span> <span class='ocrx_word' id='word_1_173' title='bbox 1137 805 1247 833; x_wconf 80' lang='lat' dir='ltr'>sancta</span> <span class='ocrx_word' id='word_1_174' title='bbox 1271 801 1438 838; x_wconf 78' lang='lat' dir='ltr'>calescant,</span> 
     </span>
     <span class='ocr_line' id='line_1_57' title="bbox 916 847 1333 886; baseline -0.005 -6"><span class='ocrx_word' id='word_1_175' title='bbox 916 847 1060 880; x_wconf 83' lang='lat' dir='ltr'>Christus</span> <span class='ocrx_word' id='word_1_176' title='bbox 1084 850 1120 880; x_wconf 76' lang='lat' dir='ltr'>ut</span> <span class='ocrx_word' id='word_1_177' title='bbox 1143 849 1204 880; x_wconf 88' lang='lat' dir='ltr'>hoc</span> <span class='ocrx_word' id='word_1_178' title='bbox 1230 849 1333 886; x_wconf 89' lang='lat' dir='ltr'>donet,</span> 
     </span>
     <span class='ocr_line' id='line_1_58' title="bbox 959 895 1373 935; baseline 0 -11"><span class='ocrx_word' id='word_1_179' title='bbox 959 903 1046 926; x_wconf 83' lang='lat' dir='ltr'>mens</span> <span class='ocrx_word' id='word_1_180' title='bbox 1070 896 1125 934; x_wconf 83' lang='lat' dir='ltr'>pia</span> <span class='ocrx_word' id='word_1_181' title='bbox 1149 904 1231 926; x_wconf 89' lang='lat' dir='ltr'>nunc</span> <span class='ocrx_word' id='word_1_182' title='bbox 1256 895 1373 935; x_wconf 84' lang='lat' dir='ltr'>vigilet.</span> 
     </span>
    </p>
   </div>
   <div class='ocr_carea' id='block_1_29' title="bbox 880 949 1277 993">
    <p class='ocr_par' dir='ltr' id='par_1_36' title="bbox 880 949 1277 993">
     <span class='ocr_line' id='line_1_59' title="bbox 880 949 1277 993; baseline -0.003 -10"><span class='ocrx_word' id='word_1_183' title='bbox 880 976 887 983; x_wconf 90' lang='lat'>.</span> <span class='ocrx_word' id='word_1_184' title='bbox 915 949 1099 989; x_wconf 84' lang='lat' dir='ltr'>Splendida,</span> <span class='ocrx_word' id='word_1_185' title='bbox 1131 949 1277 993; x_wconf 87' lang='lat' dir='ltr'>formosa,</span> 
     </span>
    </p>
   </div>
   <div class='ocr_carea' id='block_1_30' title="bbox 916 997 1463 1129">
    <p class='ocr_par' dir='ltr' id='par_1_37' title="bbox 916 997 1463 1129">
     <span class='ocr_line' id='line_1_60' title="bbox 962 997 1384 1037; baseline 0 -10"><span class='ocrx_word' id='word_1_186' title='bbox 962 997 1056 1035; x_wconf 78' lang='lat' dir='ltr'>mitiS,</span> <span class='ocrx_word' id='word_1_187' title='bbox 1086 997 1196 1035; x_wconf 74' lang='lat' dir='ltr'>dulcis,</span> <span class='ocrx_word' id='word_1_188' title='bbox 1223 1005 1384 1037; x_wconf 86' lang='lat' dir='ltr'>generosa,</span> 
     </span>
     <span class='ocr_line' id='line_1_61' title="bbox 916 1042 1243 1086; baseline 0.003 -12"><span class='ocrx_word' id='word_1_189' title='bbox 916 1042 982 1074; x_wconf 81' lang='lat' dir='ltr'>Nos</span> <span class='ocrx_word' id='word_1_190' title='bbox 1007 1052 1140 1083; x_wconf 80' lang='lat' dir='ltr'>agnosce</span> <span class='ocrx_word' id='word_1_191' title='bbox 1164 1047 1243 1086; x_wconf 86' lang='lat' dir='ltr'>tuos,</span> 
     </span>
     <span class='ocr_line' id='line_1_62' title="bbox 964 1090 1463 1129; baseline 0.004 -9"><span class='ocrx_word' id='word_1_192' title='bbox 964 1090 1016 1128; x_wconf 85' lang='lat' dir='ltr'>pia</span> <span class='ocrx_word' id='word_1_193' title='bbox 1041 1091 1083 1121; x_wconf 84' lang='lat' dir='ltr'>sit</span> <span class='ocrx_word' id='word_1_194' title='bbox 1106 1094 1162 1121; x_wconf 81' lang='lat' dir='ltr'>tua</span> <span class='ocrx_word' id='word_1_195' title='bbox 1186 1099 1262 1122; x_wconf 81' lang='lat' dir='ltr'>cura.</span> <span class='ocrx_word' id='word_1_196' title='bbox 1283 1099 1378 1129; x_wconf 87' lang='lat' dir='ltr'>super</span> <span class='ocrx_word' id='word_1_197' title='bbox 1398 1100 1463 1122; x_wconf 90' lang='lat' dir='ltr'>nos.</span> 
     </span>
    </p>
   </div>
   <div class='ocr_carea' id='block_1_31' title="bbox 882 1144 1222 1187">
    <p class='ocr_par' dir='ltr' id='par_1_38' title="bbox 882 1144 1222 1187">
     <span class='ocr_line' id='line_1_63' title="bbox 882 1144 1222 1187; baseline 0 -10"><span class='ocrx_word' id='word_1_198' title='bbox 882 1169 891 1177; x_wconf 90' lang='lat'>.</span> <span class='ocrx_word' id='word_1_199' title='bbox 917 1144 972 1176; x_wconf 82' lang='lat' dir='ltr'>Nil</span> <span class='ocrx_word' id='word_1_200' title='bbox 996 1146 1055 1177; x_wconf 83' lang='lat' dir='ltr'>tibi</span> <span class='ocrx_word' id='word_1_201' title='bbox 1082 1145 1222 1187; x_wconf 71' lang='lat' dir='ltr'>difficile,</span> 
     </span>
    </p>
   </div>
   <div class='ocr_carea' id='block_1_32' title="bbox 917 1192 1461 1326">
    <p class='ocr_par' dir='ltr' id='par_1_39' title="bbox 917 1192 1461 1326">
     <span class='ocr_line' id='line_1_64' title="bbox 964 1192 1461 1233; baseline 0.006 -11"><span class='ocrx_word' id='word_1_202' title='bbox 964 1192 1009 1222; x_wconf 91' lang='lat' dir='ltr'>nil</span> <span class='ocrx_word' id='word_1_203' title='bbox 1034 1193 1151 1233; x_wconf 87' lang='lat' dir='ltr'>quippe</span> <span class='ocrx_word' id='word_1_204' title='bbox 1174 1197 1270 1233; x_wconf 82' lang='lat' dir='ltr'>negat</span> <span class='ocrx_word' id='word_1_205' title='bbox 1292 1202 1373 1233; x_wconf 86' lang='lat' dir='ltr'>puer</span> <span class='ocrx_word' id='word_1_206' title='bbox 1396 1194 1461 1233; x_wconf 87' lang='lat' dir='ltr'>illc,</span> 
     </span>
     <span class='ocr_line' id='line_1_65' title="bbox 917 1237 1184 1278; baseline 0.004 -9"><span class='ocrx_word' id='word_1_207' title='bbox 917 1237 1013 1269; x_wconf 82' lang='lat' dir='ltr'>Nasci</span> <span class='ocrx_word' id='word_1_208' title='bbox 1039 1239 1184 1278; x_wconf 84' lang='lat' dir='ltr'>dignatus</span> 
     </span>
     <span class='ocr_line' id='line_1_66' title="bbox 964 1284 1398 1326; baseline 0.009 -12"><span class='ocrx_word' id='word_1_209' title='bbox 964 1284 1003 1315; x_wconf 87' lang='lat' dir='ltr'>de</span> <span class='ocrx_word' id='word_1_210' title='bbox 1028 1288 1060 1316; x_wconf 89' lang='lat' dir='ltr'>te</span> <span class='ocrx_word' id='word_1_211' title='bbox 1083 1286 1265 1317; x_wconf 87' lang='lat' dir='ltr'>mitissimus</span> <span class='ocrx_word' id='word_1_212' title='bbox 1290 1295 1398 1326; x_wconf 84' lang='lat' dir='ltr'>agnus.</span> 
     </span>
    </p>
   </div>
   <div class='ocr_carea' id='block_1_33' title="bbox 1033 1377 1279 1405">
    <p class='ocr_par' dir='ltr' id='par_1_40' title="bbox 1033 1377 1279 1405">
     <span class='ocr_line' id='line_1_67' title="bbox 1033 1377 1279 1405; baseline 0.008 -2"><span class='ocrx_word' id='word_1_213' title='bbox 1033 1377 1077 1403; x_wconf 90' lang='lat' dir='ltr'>Ad</span> <span class='ocrx_word' id='word_1_214' title='bbox 1096 1377 1279 1405; x_wconf 76' lang='lat' dir='ltr'>Benedictus.</span> 
     </span>
    </p>
   </div>
   <div class='ocr_carea' id='block_1_34' title="bbox 880 1442 1199 1482">
    <p class='ocr_par' dir='ltr' id='par_1_41' title="bbox 880 1442 1199 1482">
     <span class='ocr_line' id='line_1_68' title="bbox 880 1442 1199 1482; baseline -0.003 -6"><span class='ocrx_word' id='word_1_215' title='bbox 880 1469 886 1476; x_wconf 93' lang='lat'><strong>.</strong></span> <span class='ocrx_word' id='word_1_216' title='bbox 918 1442 942 1475; x_wconf 93' lang='lat' dir='ltr'>O</span> <span class='ocrx_word' id='word_1_217' title='bbox 969 1442 1056 1482; x_wconf 82' lang='lat' dir='ltr'>virgo</span> <span class='ocrx_word' id='word_1_218' title='bbox 1081 1446 1199 1481; x_wconf 82' lang='lat' dir='ltr'>sancta,</span> 
     </span>
    </p>
   </div>
   <div class='ocr_carea' id='block_1_35' title="bbox 915 1490 1428 1716">
    <p class='ocr_par' dir='ltr' id='par_1_42' title="bbox 915 1490 1428 1578">
     <span class='ocr_line' id='line_1_69' title="bbox 963 1490 1428 1536; baseline 0.009 -16"><span class='ocrx_word' id='word_1_219' title='bbox 963 1492 1064 1521; x_wconf 85' lang='lat' dir='ltr'>mater</span> <span class='ocrx_word' id='word_1_220' title='bbox 1087 1490 1214 1521; x_wconf 90' lang='lat' dir='ltr'>Domini</span> <span class='ocrx_word' id='word_1_221' title='bbox 1240 1493 1428 1536; x_wconf 83' lang='lat' dir='ltr'>veneranda,</span> 
     </span>
     <span class='ocr_line' id='line_1_70' title="bbox 915 1535 1297 1578; baseline 0.01 -12"><span class='ocrx_word' id='word_1_222' title='bbox 915 1535 981 1567; x_wconf 80' lang='lat' dir='ltr'>Nos</span> <span class='ocrx_word' id='word_1_223' title='bbox 1006 1545 1090 1576; x_wconf 81' lang='lat' dir='ltr'>rege,</span> <span class='ocrx_word' id='word_1_224' title='bbox 1113 1545 1170 1568; x_wconf 81' lang='lat' dir='ltr'>nos</span> <span class='ocrx_word' id='word_1_225' title='bbox 1194 1546 1297 1578; x_wconf 73' lang='lat' dir='ltr'>serva,</span> 
     </span>
    </p>

    <p class='ocr_par' dir='ltr' id='par_1_43' title="bbox 917 1583 1428 1666">
     <span class='ocr_line' id='line_1_71' title="bbox 964 1583 1428 1627; baseline 0.011 -15"><span class='ocrx_word' id='word_1_226' title='bbox 964 1583 1080 1622; x_wconf 77' lang='lat' dir='ltr'>rogitat</span> <span class='ocrx_word' id='word_1_227' title='bbox 1101 1585 1133 1614; x_wconf 88' lang='lat' dir='ltr'>te</span> <span class='ocrx_word' id='word_1_228' title='bbox 1157 1588 1266 1616; x_wconf 79' lang='lat' dir='ltr'>nostra</span> <span class='ocrx_word' id='word_1_229' title='bbox 1291 1588 1428 1627; x_wconf 82' lang='lat' dir='ltr'>caterva,</span> 
     </span>
     <span class='ocr_line' id='line_1_72' title="bbox 917 1628 1205 1666; baseline 0.007 -7"><span class='ocrx_word' id='word_1_230' title='bbox 917 1628 982 1666; x_wconf 80' lang='lat' dir='ltr'>Quo</span> <span class='ocrx_word' id='word_1_231' title='bbox 1008 1632 1039 1660; x_wconf 89' lang='lat' dir='ltr'>te</span> <span class='ocrx_word' id='word_1_232' title='bbox 1065 1629 1205 1661; x_wconf 81' lang='lat' dir='ltr'>ductrice</span> 
     </span>
    </p>

    <p class='ocr_par' dir='ltr' id='par_1_44' title="bbox 964 1676 1383 1716">
     <span class='ocr_line' id='line_1_73' title="bbox 964 1676 1383 1716; baseline 0.012 -9"><span class='ocrx_word' id='word_1_233' title='bbox 964 1676 1122 1715; x_wconf 82' lang='lat' dir='ltr'>capiamus</span> <span class='ocrx_word' id='word_1_234' title='bbox 1146 1686 1266 1716; x_wconf 83' lang='lat' dir='ltr'>pascua</span> <span class='ocrx_word' id='word_1_235' title='bbox 1288 1677 1383 1712; x_wconf 86' lang='lat' dir='ltr'>vitae.</span> 
     </span>
    </p>
   </div>
   <div class='ocr_carea' id='block_1_36' title="bbox 984 1797 1331 1837">
    <p class='ocr_par' dir='ltr' id='par_1_45' title="bbox 984 1797 1331 1837">
     <span class='ocr_line' id='line_1_74' title="bbox 984 1797 1331 1837; baseline 0.006 -8"><span class='ocrx_word' id='word_1_236' title='bbox 984 1797 1031 1829; x_wconf 87' lang='lat' dir='ltr'>In</span> <span class='ocrx_word' id='word_1_237' title='bbox 1055 1800 1086 1830; x_wconf 85' lang='lat'>2.</span> <span class='ocrx_word' id='word_1_238' title='bbox 1113 1798 1331 1837; x_wconf 83' lang='lat' dir='ltr'>VesperiS.</span> 
     </span>
    </p>
   </div>
   <div class='ocr_carea' id='block_1_37' title="bbox 1035 1880 1275 1915">
    <p class='ocr_par' dir='ltr' id='par_1_46' title="bbox 1035 1880 1275 1915">
     <span class='ocr_line' id='line_1_75' title="bbox 1035 1880 1275 1915; baseline 0.008 -9"><span class='ocrx_word' id='word_1_239' title='bbox 1035 1880 1081 1906; x_wconf 88' lang='lat' dir='ltr'>Ad</span> <span class='ocrx_word' id='word_1_240' title='bbox 1099 1880 1275 1915; x_wconf 80' lang='lat' dir='ltr'>Magnificat.</span> 
     </span>
    </p>
   </div>
   <div class='ocr_carea' id='block_1_38' title="bbox 878 1945 1280 1980">
    <p class='ocr_par' dir='ltr' id='par_1_47' title="bbox 878 1945 1280 1980">
     <span class='ocr_line' id='line_1_76' title="bbox 878 1945 1280 1980; baseline 0.015 -6"><span class='ocrx_word' id='word_1_241' title='bbox 878 1970 885 1976; x_wconf 88' lang='lat'>.</span> <span class='ocrx_word' id='word_1_242' title='bbox 917 1945 1023 1978; x_wconf 87' lang='lat' dir='ltr'>Omnis</span> <span class='ocrx_word' id='word_1_243' title='bbox 1048 1945 1153 1978; x_wconf 88' lang='lat' dir='ltr'>fidelis</span> <span class='ocrx_word' id='word_1_244' title='bbox 1177 1948 1280 1980; x_wconf 81' lang='lat' dir='ltr'>anima</span> 
     </span>
    </p>
   </div>
   <div class='ocr_carea' id='block_1_39' title="bbox 913 1991 1395 2406">
    <p class='ocr_par' dir='ltr' id='par_1_48' title="bbox 914 1991 1314 2076">
     <span class='ocr_line' id='line_1_77' title="bbox 914 1991 1314 2035; baseline 0.015 -14"><span class='ocrx_word' id='word_1_245' title='bbox 914 1991 1040 2023; x_wconf 80' lang='lat' dir='ltr'>Laudet</span> <span class='ocrx_word' id='word_1_246' title='bbox 1062 1992 1123 2024; x_wconf 88' lang='lat' dir='ltr'>Dei</span> <span class='ocrx_word' id='word_1_247' title='bbox 1148 1996 1314 2035; x_wconf 82' lang='lat' dir='ltr'>magnalia,</span> 
     </span>
     <span class='ocr_line' id='line_1_78' title="bbox 917 2037 1254 2076; baseline 0.006 -6"><span class='ocrx_word' id='word_1_248' title='bbox 917 2037 1011 2076; x_wconf 72' lang='lat' dir='ltr'>GuJus</span> <span class='ocrx_word' id='word_1_249' title='bbox 1035 2039 1254 2072; x_wconf 80' lang='lat' dir='ltr'>misericordia</span> 
     </span>
    </p>

    <p class='ocr_par' dir='ltr' id='par_1_49' title="bbox 913 2086 1324 2171">
     <span class='ocr_line' id='line_1_79' title="bbox 913 2086 1324 2128; baseline 0.017 -14"><span class='ocrx_word' id='word_1_250' title='bbox 913 2086 943 2115; x_wconf 78' lang='lat' dir='ltr'>A</span> <span class='ocrx_word' id='word_1_251' title='bbox 967 2086 1099 2117; x_wconf 86' lang='lat' dir='ltr'>saeculis</span> <span class='ocrx_word' id='word_1_252' title='bbox 1124 2086 1157 2117; x_wconf 90' lang='lat' dir='ltr'>in</span> <span class='ocrx_word' id='word_1_253' title='bbox 1182 2089 1324 2128; x_wconf 82' lang='lat' dir='ltr'>saecula;</span> 
     </span>
     <span class='ocr_line' id='line_1_80' title="bbox 914 2131 1135 2171; baseline 0.014 -11"><span class='ocrx_word' id='word_1_254' title='bbox 914 2131 970 2170; x_wconf 78' lang='lat' dir='ltr'>Qui</span> <span class='ocrx_word' id='word_1_255' title='bbox 994 2133 1135 2171; x_wconf 75' lang='lat' dir='ltr'>respexit</span> 
     </span>
    </p>

    <p class='ocr_par' dir='ltr' id='par_1_50' title="bbox 914 2177 1278 2262">
     <span class='ocr_line' id='line_1_81' title="bbox 914 2177 1278 2224; baseline 0.014 -16"><span class='ocrx_word' id='word_1_256' title='bbox 914 2177 1037 2210; x_wconf 81' lang='lat' dir='ltr'>Mariae</span> <span class='ocrx_word' id='word_1_257' title='bbox 1061 2179 1278 2224; x_wconf 78' lang='lat' dir='ltr'>humilitatem,</span> 
     </span>
     <span class='ocr_line' id='line_1_82' title="bbox 915 2226 1189 2262; baseline 0.015 -9"><span class='ocrx_word' id='word_1_258' title='bbox 915 2226 1010 2262; x_wconf 72' lang='lat' dir='ltr'>Quam</span> <span class='ocrx_word' id='word_1_259' title='bbox 1038 2226 1189 2257; x_wconf 74' lang='lat' dir='ltr'>exaltavit</span> 
     </span>
    </p>

    <p class='ocr_par' dir='ltr' id='par_1_51' title="bbox 913 2271 1395 2406">
     <span class='ocr_line' id='line_1_83' title="bbox 913 2271 1395 2316; baseline 0.012 -14"><span class='ocrx_word' id='word_1_260' title='bbox 913 2271 1052 2302; x_wconf 80' lang='lat' dir='ltr'>Ditando</span> <span class='ocrx_word' id='word_1_261' title='bbox 1076 2274 1208 2304; x_wconf 85' lang='lat' dir='ltr'>matrem</span> <span class='ocrx_word' id='word_1_262' title='bbox 1234 2275 1395 2316; x_wconf 82' lang='lat' dir='ltr'>virginem,</span> 
     </span>
     <span class='ocr_line' id='line_1_84' title="bbox 913 2317 1319 2362; baseline 0.017 -15"><span class='ocrx_word' id='word_1_263' title='bbox 913 2317 991 2355; x_wconf 85' lang='lat' dir='ltr'>Ejus</span> <span class='ocrx_word' id='word_1_264' title='bbox 1014 2327 1110 2357; x_wconf 81' lang='lat' dir='ltr'>prece</span> <span class='ocrx_word' id='word_1_265' title='bbox 1134 2322 1166 2350; x_wconf 83' lang='lat' dir='ltr'>et</span> <span class='ocrx_word' id='word_1_266' title='bbox 1188 2322 1319 2362; x_wconf 81' lang='lat' dir='ltr'>meritis,</span> 
     </span>
     <span class='ocr_line' id='line_1_85' title="bbox 913 2364 1344 2406; baseline 0.014 -9"><span class='ocrx_word' id='word_1_267' title='bbox 913 2364 1047 2406; x_wconf 82' lang='lat' dir='ltr'>Christe,</span> <span class='ocrx_word' id='word_1_268' title='bbox 1070 2367 1221 2399; x_wconf 87' lang='lat' dir='ltr'>miserere</span> <span class='ocrx_word' id='word_1_269' title='bbox 1244 2369 1344 2404; x_wconf 81' lang='lat' dir='ltr'>nobis.</span> 
     </span>
    </p>
   </div>
  </div>
 </body>
</html>
