<?xml version="1.0" encoding="UTF-8"?>
<!DOCTYPE html PUBLIC "-//W3C//DTD XHTML 1.0 Transitional//EN"
    "http://www.w3.org/TR/xhtml1/DTD/xhtml1-transitional.dtd">
<html xmlns="http://www.w3.org/1999/xhtml" xml:lang="en" lang="en">
 <head>
  <title>
</title>
<meta http-equiv="Content-Type" content="text/html;charset=utf-8" />
  <meta name='ocr-system' content='tesseract 3.04.00' />
  <meta name='ocr-capabilities' content='ocr_page ocr_carea ocr_par ocr_line ocrx_word'/>
</head>
<body>
  <div class='ocr_page' id='page_1' title='image "./analectahymnica24drevuoft_00029.png"; bbox 0 0 1652 2615; ppageno 0'>
   <div class='ocr_carea' id='block_1_1' title="bbox 725 144 954 175">
    <p class='ocr_par' dir='ltr' id='par_1_1' title="bbox 725 144 954 175">
     <span class='ocr_line' id='line_1_1' title="bbox 725 144 954 175; baseline 0.013 -10"><span class='ocrx_word' id='word_1_1' title='bbox 725 144 954 175; x_wconf 69' lang='lat'><strong><em>-26„..</em></strong></span> 
     </span>
    </p>
   </div>
   <div class='ocr_carea' id='block_1_2' title="bbox 640 231 1037 272">
    <p class='ocr_par' dir='ltr' id='par_1_2' title="bbox 640 231 1037 272">
     <span class='ocr_line' id='line_1_2' title="bbox 640 231 1037 272; baseline 0 -10"><span class='ocrx_word' id='word_1_2' title='bbox 640 231 666 262; x_wconf 89' lang='lat'>6.</span> <span class='ocrx_word' id='word_1_3' title='bbox 698 232 739 262; x_wconf 88' lang='lat' dir='ltr'>De</span> <span class='ocrx_word' id='word_1_4' title='bbox 759 231 891 272; x_wconf 72' lang='lat' dir='ltr'>Corpore</span> <span class='ocrx_word' id='word_1_5' title='bbox 914 231 1037 263; x_wconf 79' lang='lat' dir='ltr'>Christi.</span> 
     </span>
    </p>
   </div>
   <div class='ocr_carea' id='block_1_3' title="bbox 324 299 1307 344">
    <p class='ocr_par' dir='ltr' id='par_1_3' title="bbox 324 299 1307 344">
     <span class='ocr_line' id='line_1_3' title="bbox 324 299 1307 344; baseline 0.005 -14"><span class='ocrx_word' id='word_1_6' title='bbox 324 299 369 330; x_wconf 88' lang='lat' dir='ltr'>In</span> <span class='ocrx_word' id='word_1_7' title='bbox 394 299 424 331; x_wconf 87' lang='lat'>1.</span> <span class='ocrx_word' id='word_1_8' title='bbox 453 300 659 339; x_wconf 82' lang='lat' dir='ltr'>Vesperis.</span> <span class='ocrx_word' id='word_1_9' title='bbox 863 302 895 332; x_wconf 80' lang='lat'>4.</span> <span class='ocrx_word' id='word_1_10' title='bbox 921 300 984 331; x_wconf 89' lang='lat' dir='ltr'>Sub</span> <span class='ocrx_word' id='word_1_11' title='bbox 1008 301 1087 341; x_wconf 86' lang='lat' dir='ltr'>Iegis</span> <span class='ocrx_word' id='word_1_12' title='bbox 1111 303 1172 334; x_wconf 91' lang='lat' dir='ltr'>Dei</span> <span class='ocrx_word' id='word_1_13' title='bbox 1195 304 1307 344; x_wconf 79' lang='lat' dir='ltr'>regula</span> 
     </span>
    </p>
   </div>
   <div class='ocr_carea' id='block_1_4' title="bbox 255 362 625 963">
    <p class='ocr_par' dir='ltr' id='par_1_4' title="bbox 370 362 623 399">
     <span class='ocr_line' id='line_1_4' title="bbox 370 362 623 399; baseline 0.004 -9"><span class='ocrx_word' id='word_1_14' title='bbox 370 362 463 399; x_wconf 83' lang='lat' dir='ltr'>Super</span> <span class='ocrx_word' id='word_1_15' title='bbox 480 364 623 391; x_wconf 75' lang='lat' dir='ltr'>Psalmos.</span> 
     </span>
    </p>

    <p class='ocr_par' dir='ltr' id='par_1_5' title="bbox 258 410 488 448">
     <span class='ocr_line' id='line_1_5' title="bbox 258 410 488 448; baseline 0.009 -7"><span class='ocrx_word' id='word_1_16' title='bbox 258 410 378 448; x_wconf 86' lang='lat' dir='ltr'>Gaude,</span> <span class='ocrx_word' id='word_1_17' title='bbox 409 410 488 442; x_wconf 79' lang='lat' dir='ltr'>felix</span> 
     </span>
    </p>

    <p class='ocr_par' dir='ltr' id='par_1_6' title="bbox 257 458 572 534">
     <span class='ocr_line' id='line_1_6' title="bbox 302 458 572 496; baseline 0.011 -10"><span class='ocrx_word' id='word_1_18' title='bbox 302 459 404 487; x_wconf 85' lang='lat' dir='ltr'>mater</span> <span class='ocrx_word' id='word_1_19' title='bbox 430 458 572 496; x_wconf 86' lang='lat' dir='ltr'>ecclesia,</span> 
     </span>
     <span class='ocr_line' id='line_1_7' title="bbox 257 502 497 534; baseline 0 0"><span class='ocrx_word' id='word_1_20' title='bbox 257 503 366 534; x_wconf 85' lang='lat' dir='ltr'>Novae</span> <span class='ocrx_word' id='word_1_21' title='bbox 393 502 497 534; x_wconf 86' lang='lat' dir='ltr'>laudis</span> 
     </span>
    </p>

    <p class='ocr_par' dir='ltr' id='par_1_7' title="bbox 255 550 582 627">
     <span class='ocr_line' id='line_1_8' title="bbox 303 550 582 589; baseline 0.007 -10"><span class='ocrx_word' id='word_1_22' title='bbox 303 557 397 588; x_wconf 87' lang='lat' dir='ltr'>agens</span> <span class='ocrx_word' id='word_1_23' title='bbox 422 550 582 589; x_wconf 84' lang='lat' dir='ltr'>solemnia,</span> 
     </span>
     <span class='ocr_line' id='line_1_9' title="bbox 255 595 472 627; baseline 0 0"><span class='ocrx_word' id='word_1_24' title='bbox 255 595 337 627; x_wconf 84' lang='lat' dir='ltr'>Tota</span> <span class='ocrx_word' id='word_1_25' title='bbox 359 597 472 627; x_wconf 84' lang='lat' dir='ltr'>mentis</span> 
     </span>
    </p>

    <p class='ocr_par' dir='ltr' id='par_1_8' title="bbox 257 642 564 727">
     <span class='ocr_line' id='line_1_10' title="bbox 302 642 564 681; baseline 0.015 -10"><span class='ocrx_word' id='word_1_26' title='bbox 302 642 420 681; x_wconf 86' lang='lat' dir='ltr'>plaude</span> <span class='ocrx_word' id='word_1_27' title='bbox 442 643 564 675; x_wconf 83' lang='lat' dir='ltr'>laetitia</span> 
     </span>
     <span class='ocr_line' id='line_1_11' title="bbox 257 688 479 727; baseline 0.005 -7"><span class='ocrx_word' id='word_1_28' title='bbox 257 688 479 727; x_wconf 87' lang='lat' dir='ltr'>Redemptoris</span> 
     </span>
    </p>

    <p class='ocr_par' dir='ltr' id='par_1_9' title="bbox 255 735 625 821">
     <span class='ocr_line' id='line_1_12' title="bbox 302 735 625 776; baseline 0.006 -10"><span class='ocrx_word' id='word_1_29' title='bbox 302 735 435 768; x_wconf 82' lang='lat' dir='ltr'>laudans</span> <span class='ocrx_word' id='word_1_30' title='bbox 459 738 625 776; x_wconf 83' lang='lat' dir='ltr'>magnalia,</span> 
     </span>
     <span class='ocr_line' id='line_1_13' title="bbox 255 782 585 821; baseline 0.003 -7"><span class='ocrx_word' id='word_1_31' title='bbox 255 782 345 814; x_wconf 82' lang='lat' dir='ltr'>Inter</span> <span class='ocrx_word' id='word_1_32' title='bbox 369 791 449 821; x_wconf 85' lang='lat' dir='ltr'>quae</span> <span class='ocrx_word' id='word_1_33' title='bbox 473 787 585 815; x_wconf 79' lang='lat' dir='ltr'>cuncta</span> 
     </span>
    </p>

    <p class='ocr_par' dir='ltr' id='par_1_10' title="bbox 256 829 576 914">
     <span class='ocr_line' id='line_1_14' title="bbox 302 829 576 872; baseline 0.015 -14"><span class='ocrx_word' id='word_1_34' title='bbox 302 829 375 867; x_wconf 86' lang='lat' dir='ltr'>plus</span> <span class='ocrx_word' id='word_1_35' title='bbox 401 831 576 872; x_wconf 86' lang='lat' dir='ltr'>considera,</span> 
     </span>
     <span class='ocr_line' id='line_1_15' title="bbox 256 875 546 914; baseline 0.003 -7"><span class='ocrx_word' id='word_1_36' title='bbox 256 875 342 907; x_wconf 82' lang='lat' dir='ltr'>Mira</span> <span class='ocrx_word' id='word_1_37' title='bbox 365 884 445 914; x_wconf 85' lang='lat' dir='ltr'>quae</span> <span class='ocrx_word' id='word_1_38' title='bbox 468 876 546 908; x_wconf 80' lang='lat' dir='ltr'>fecit</span> 
     </span>
    </p>

    <p class='ocr_par' dir='ltr' id='par_1_11' title="bbox 301 922 585 963">
     <span class='ocr_line' id='line_1_16' title="bbox 301 922 585 963; baseline 0.011 -11"><span class='ocrx_word' id='word_1_39' title='bbox 301 922 335 953; x_wconf 88' lang='lat' dir='ltr'>in</span> <span class='ocrx_word' id='word_1_40' title='bbox 360 930 457 955; x_wconf 79' lang='lat' dir='ltr'>coena</span> <span class='ocrx_word' id='word_1_41' title='bbox 480 933 585 963; x_wconf 79' lang='lat' dir='ltr'>opera.</span> 
     </span>
    </p>
   </div>
   <div class='ocr_carea' id='block_1_5' title="bbox 375 996 616 1033">
    <p class='ocr_par' dir='ltr' id='par_1_12' title="bbox 375 996 616 1033">
     <span class='ocr_line' id='line_1_17' title="bbox 375 996 616 1033; baseline 0.008 -11"><span class='ocrx_word' id='word_1_42' title='bbox 375 996 420 1023; x_wconf 81' lang='lat' dir='ltr'>Ad</span> <span class='ocrx_word' id='word_1_43' title='bbox 440 997 616 1033; x_wconf 59' lang='lat' dir='ltr'>Mai-gnificat,</span> 
     </span>
    </p>
   </div>
   <div class='ocr_carea' id='block_1_6' title="bbox 220 1052 605 1092">
    <p class='ocr_par' dir='ltr' id='par_1_13' title="bbox 220 1052 605 1092">
     <span class='ocr_line' id='line_1_18' title="bbox 220 1052 605 1092; baseline 0 -6"><span class='ocrx_word' id='word_1_44' title='bbox 220 1080 226 1086; x_wconf 94' lang='lat'><strong><em>.</em></strong></span> <span class='ocrx_word' id='word_1_45' title='bbox 254 1052 460 1092; x_wconf 86' lang='lat' dir='ltr'>Magnificent</span> <span class='ocrx_word' id='word_1_46' title='bbox 482 1055 605 1086; x_wconf 88' lang='lat' dir='ltr'>animae</span> 
     </span>
    </p>
   </div>
   <div class='ocr_carea' id='block_1_7' title="bbox 301 1099 798 1142">
    <p class='ocr_par' dir='ltr' id='par_1_14' title="bbox 301 1099 798 1142">
     <span class='ocr_line' id='line_1_19' title="bbox 301 1099 798 1142; baseline 0.006 -12"><span class='ocrx_word' id='word_1_47' title='bbox 301 1099 428 1132; x_wconf 82' lang='lat' dir='ltr'>Fideles</span> <span class='ocrx_word' id='word_1_48' title='bbox 447 1101 604 1133; x_wconf 80' lang='lat' dir='ltr'>Christum</span> <span class='ocrx_word' id='word_1_49' title='bbox 620 1103 798 1142; x_wconf 90' lang='lat' dir='ltr'>Dominum,</span> 
     </span>
    </p>
   </div>
   <div class='ocr_carea' id='block_1_8' title="bbox 255 1147 739 1325">
    <p class='ocr_par' dir='ltr' id='par_1_15' title="bbox 256 1147 714 1233">
     <span class='ocr_line' id='line_1_20' title="bbox 256 1147 605 1184; baseline 0.011 -9"><span class='ocrx_word' id='word_1_50' title='bbox 256 1147 315 1184; x_wconf 76' lang='lat' dir='ltr'>Qui</span> <span class='ocrx_word' id='word_1_51' title='bbox 336 1147 430 1184; x_wconf 81' lang='lat' dir='ltr'>justis</span> <span class='ocrx_word' id='word_1_52' title='bbox 452 1147 605 1179; x_wconf 81' lang='lat' dir='ltr'>famelicis</span> 
     </span>
     <span class='ocr_line' id='line_1_21' title="bbox 302 1195 714 1233; baseline 0.012 -12"><span class='ocrx_word' id='word_1_53' title='bbox 302 1201 424 1224; x_wconf 53' lang='lat' dir='ltr'>&gt;sacrum</span> <span class='ocrx_word' id='word_1_54' title='bbox 451 1195 506 1225; x_wconf 85' lang='lat' dir='ltr'>dat</span> <span class='ocrx_word' id='word_1_55' title='bbox 531 1195 714 1233; x_wconf 84' lang='lat' dir='ltr'>convivium,</span> 
     </span>
    </p>

    <p class='ocr_par' dir='ltr' id='par_1_16' title="bbox 255 1239 739 1325">
     <span class='ocr_line' id='line_1_22' title="bbox 255 1239 695 1273; baseline 0.007 -4"><span class='ocrx_word' id='word_1_56' title='bbox 255 1239 423 1271; x_wconf 84' lang='lat' dir='ltr'>Dimittens</span> <span class='ocrx_word' id='word_1_57' title='bbox 447 1241 556 1272; x_wconf 85' lang='lat' dir='ltr'>inanes</span> <span class='ocrx_word' id='word_1_58' title='bbox 582 1241 695 1273; x_wconf 90' lang='lat' dir='ltr'>divites</span> 
     </span>
     <span class='ocr_line' id='line_1_23' title="bbox 302 1286 739 1325; baseline 0.009 -9"><span class='ocrx_word' id='word_1_59' title='bbox 302 1288 445 1325; x_wconf 81' lang='lat' dir='ltr'>gerentes</span> <span class='ocrx_word' id='word_1_60' title='bbox 469 1287 544 1318; x_wconf 91' lang='lat' dir='ltr'>hinc</span> <span class='ocrx_word' id='word_1_61' title='bbox 566 1286 739 1321; x_wconf 88' lang='lat' dir='ltr'>fastidium.</span> 
     </span>
    </p>
   </div>
   <div class='ocr_carea' id='block_1_9' title="bbox 321 1378 671 1413">
    <p class='ocr_par' dir='ltr' id='par_1_17' title="bbox 321 1378 671 1413">
     <span class='ocr_line' id='line_1_24' title="bbox 321 1378 671 1413; baseline 0.011 -4"><span class='ocrx_word' id='word_1_62' title='bbox 321 1378 381 1410; x_wconf 83' lang='lat' dir='ltr'>Ad</span> <span class='ocrx_word' id='word_1_63' title='bbox 405 1379 671 1413; x_wconf 84' lang='lat' dir='ltr'>Matutinum.</span> 
     </span>
    </p>
   </div>
   <div class='ocr_carea' id='block_1_10' title="bbox 388 1443 600 1472">
    <p class='ocr_par' dir='ltr' id='par_1_18' title="bbox 388 1443 600 1472">
     <span class='ocr_line' id='line_1_25' title="bbox 388 1443 600 1472; baseline 0.005 -2"><span class='ocrx_word' id='word_1_64' title='bbox 388 1443 600 1472; x_wconf 76' lang='lat' dir='ltr'>Invitatorium.</span> 
     </span>
    </p>
   </div>
   <div class='ocr_carea' id='block_1_11' title="bbox 253 1491 590 1665">
    <p class='ocr_par' dir='ltr' id='par_1_19' title="bbox 253 1491 590 1665">
     <span class='ocr_line' id='line_1_26' title="bbox 253 1491 575 1523; baseline 0.006 -2"><span class='ocrx_word' id='word_1_65' title='bbox 253 1491 380 1522; x_wconf 85' lang='lat' dir='ltr'>Adsunt</span> <span class='ocrx_word' id='word_1_66' title='bbox 401 1491 575 1523; x_wconf 80' lang='lat' dir='ltr'>dominicae</span> 
     </span>
     <span class='ocr_line' id='line_1_27' title="bbox 301 1539 590 1579; baseline 0.01 -12"><span class='ocrx_word' id='word_1_67' title='bbox 301 1545 425 1569; x_wconf 83' lang='lat' dir='ltr'>mensae</span> <span class='ocrx_word' id='word_1_68' title='bbox 450 1539 590 1579; x_wconf 77' lang='lat' dir='ltr'>deliciae,</span> 
     </span>
     <span class='ocr_line' id='line_1_28' title="bbox 253 1584 589 1617; baseline 0.003 -1"><span class='ocrx_word' id='word_1_69' title='bbox 253 1584 412 1616; x_wconf 85' lang='lat' dir='ltr'>Plaudunt</span> <span class='ocrx_word' id='word_1_70' title='bbox 436 1586 589 1617; x_wconf 81' lang='lat' dir='ltr'>ecclesiae</span> 
     </span>
     <span class='ocr_line' id='line_1_29' title="bbox 301 1632 566 1665; baseline 0.019 -5"><span class='ocrx_word' id='word_1_71' title='bbox 301 1633 394 1661; x_wconf 81' lang='lat' dir='ltr'>cantu</span> <span class='ocrx_word' id='word_1_72' title='bbox 417 1632 566 1665; x_wconf 82' lang='lat' dir='ltr'>laetitiae.</span> 
     </span>
    </p>
   </div>
   <div class='ocr_carea' id='block_1_12' title="bbox 309 1723 658 1825">
    <p class='ocr_par' dir='ltr' id='par_1_20' title="bbox 309 1723 658 1825">
     <span class='ocr_line' id='line_1_30' title="bbox 309 1723 658 1760; baseline 0.014 -6"><span class='ocrx_word' id='word_1_73' title='bbox 309 1723 355 1755; x_wconf 90' lang='lat' dir='ltr'>In</span> <span class='ocrx_word' id='word_1_74' title='bbox 380 1726 411 1757; x_wconf 88' lang='lat'>1.</span> <span class='ocrx_word' id='word_1_75' title='bbox 437 1725 658 1760; x_wconf 84' lang='lat' dir='ltr'>Nocturno.</span> 
     </span>
     <span class='ocr_line' id='line_1_31' title="bbox 395 1788 590 1825; baseline 0.01 -9"><span class='ocrx_word' id='word_1_76' title='bbox 395 1788 590 1825; x_wconf 79' lang='lat' dir='ltr'>Antiphonae.</span> 
     </span>
    </p>
   </div>
   <div class='ocr_carea' id='block_1_13' title="bbox 184 1836 673 1871">
    <p class='ocr_par' dir='ltr' id='par_1_21' title="bbox 184 1836 673 1871">
     <span class='ocr_line' id='line_1_32' title="bbox 184 1836 673 1871; baseline 0.01 -5"><span class='ocrx_word' id='word_1_77' title='bbox 184 1836 214 1867; x_wconf 85' lang='lat'>1.</span> <span class='ocrx_word' id='word_1_78' title='bbox 243 1836 336 1867; x_wconf 82' lang='lat' dir='ltr'>Panis</span> <span class='ocrx_word' id='word_1_79' title='bbox 359 1845 458 1869; x_wconf 85' lang='lat' dir='ltr'>novus</span> <span class='ocrx_word' id='word_1_80' title='bbox 483 1843 516 1869; x_wconf 87' lang='lat' dir='ltr'>et</span> <span class='ocrx_word' id='word_1_81' title='bbox 540 1840 673 1871; x_wconf 88' lang='lat' dir='ltr'>coelicus</span> 
     </span>
    </p>
   </div>
   <div class='ocr_carea' id='block_1_14' title="bbox 240 1883 688 2012">
    <p class='ocr_par' dir='ltr' id='par_1_22' title="bbox 240 1883 688 2012">
     <span class='ocr_line' id='line_1_33' title="bbox 286 1883 688 1929; baseline 0.012 -16"><span class='ocrx_word' id='word_1_82' title='bbox 286 1883 403 1914; x_wconf 83' lang='lat' dir='ltr'>Missus</span> <span class='ocrx_word' id='word_1_83' title='bbox 426 1884 460 1916; x_wconf 90' lang='lat' dir='ltr'>in</span> <span class='ocrx_word' id='word_1_84' title='bbox 476 1884 538 1916; x_wconf 88' lang='lat' dir='ltr'>fine</span> <span class='ocrx_word' id='word_1_85' title='bbox 561 1887 688 1929; x_wconf 83' lang='lat' dir='ltr'>saeculi,</span> 
     </span>
     <span class='ocr_line' id='line_1_34' title="bbox 240 1929 595 1964; baseline 0.014 -5"><span class='ocrx_word' id='word_1_86' title='bbox 240 1929 344 1960; x_wconf 82' lang='lat' dir='ltr'>Patris</span> <span class='ocrx_word' id='word_1_87' title='bbox 369 1932 490 1962; x_wconf 85' lang='lat' dir='ltr'>aeterni</span> <span class='ocrx_word' id='word_1_88' title='bbox 510 1931 595 1964; x_wconf 89' lang='lat' dir='ltr'>filius</span> 
     </span>
     <span class='ocr_line' id='line_1_35' title="bbox 288 1976 643 2012; baseline 0.017 -7"><span class='ocrx_word' id='word_1_89' title='bbox 288 1979 336 2006; x_wconf 84' lang='lat' dir='ltr'>est.</span> <span class='ocrx_word' id='word_1_90' title='bbox 360 1976 446 2009; x_wconf 87' lang='lat' dir='ltr'>cibus</span> <span class='ocrx_word' id='word_1_91' title='bbox 469 1979 643 2012; x_wconf 80' lang='lat' dir='ltr'>suavitatis.</span> 
     </span>
    </p>
   </div>
   <div class='ocr_carea' id='block_1_15' title="bbox 182 2031 597 2071">
    <p class='ocr_par' dir='ltr' id='par_1_23' title="bbox 182 2031 597 2071">
     <span class='ocr_line' id='line_1_36' title="bbox 182 2031 597 2071; baseline 0.005 -7"><span class='ocrx_word' id='word_1_92' title='bbox 182 2033 214 2064; x_wconf 84' lang='lat'>2.</span> <span class='ocrx_word' id='word_1_93' title='bbox 239 2031 311 2071; x_wconf 83' lang='lat' dir='ltr'>Hic,</span> <span class='ocrx_word' id='word_1_94' title='bbox 336 2041 357 2063; x_wconf 80' lang='lat' dir='ltr'>a</span> <span class='ocrx_word' id='word_1_95' title='bbox 380 2034 597 2066; x_wconf 83' lang='lat' dir='ltr'>sacerdotibus</span> 
     </span>
    </p>
   </div>
   <div class='ocr_carea' id='block_1_16' title="bbox 239 2078 698 2209">
    <p class='ocr_par' dir='ltr' id='par_1_24' title="bbox 239 2078 698 2209">
     <span class='ocr_line' id='line_1_37' title="bbox 285 2078 698 2123; baseline 0.015 -15"><span class='ocrx_word' id='word_1_96' title='bbox 285 2078 368 2109; x_wconf 87' lang='lat' dir='ltr'>Dum</span> <span class='ocrx_word' id='word_1_97' title='bbox 393 2081 488 2112; x_wconf 85' lang='lat' dir='ltr'>missa</span> <span class='ocrx_word' id='word_1_98' title='bbox 513 2082 698 2123; x_wconf 87' lang='lat' dir='ltr'>celebratur,</span> 
     </span>
     <span class='ocr_line' id='line_1_38' title="bbox 239 2126 576 2159; baseline 0.012 -3"><span class='ocrx_word' id='word_1_99' title='bbox 239 2126 278 2157; x_wconf 90' lang='lat' dir='ltr'>In</span> <span class='ocrx_word' id='word_1_100' title='bbox 303 2134 410 2156; x_wconf 88' lang='lat' dir='ltr'>eorum</span> <span class='ocrx_word' id='word_1_101' title='bbox 432 2128 576 2159; x_wconf 88' lang='lat' dir='ltr'>manibus</span> 
     </span>
     <span class='ocr_line' id='line_1_39' title="bbox 288 2172 629 2209; baseline 0.015 -7"><span class='ocrx_word' id='word_1_102' title='bbox 288 2172 629 2209; x_wconf 84' lang='lat' dir='ltr'>Transsubstantiatur.</span> 
     </span>
    </p>
   </div>
   <div class='ocr_carea' id='block_1_17' title="bbox 181 2228 735 2263">
    <p class='ocr_par' dir='ltr' id='par_1_25' title="bbox 181 2228 735 2263">
     <span class='ocr_line' id='line_1_40' title="bbox 181 2228 735 2263; baseline 0.002 -1"><span class='ocrx_word' id='word_1_103' title='bbox 181 2229 213 2262; x_wconf 85' lang='lat'>3.</span> <span class='ocrx_word' id='word_1_104' title='bbox 239 2228 309 2260; x_wconf 89' lang='lat' dir='ltr'>Hoc</span> <span class='ocrx_word' id='word_1_105' title='bbox 333 2233 560 2262; x_wconf 81' lang='lat' dir='ltr'>sacramentum</span> <span class='ocrx_word' id='word_1_106' title='bbox 582 2231 735 2263; x_wconf 85' lang='lat' dir='ltr'>Dominus</span> 
     </span>
    </p>
   </div>
   <div class='ocr_carea' id='block_1_18' title="bbox 239 2276 617 2404">
    <p class='ocr_par' dir='ltr' id='par_1_26' title="bbox 239 2276 617 2404">
     <span class='ocr_line' id='line_1_41' title="bbox 285 2276 617 2318; baseline 0.012 -12"><span class='ocrx_word' id='word_1_107' title='bbox 285 2276 430 2308; x_wconf 77' lang='lat' dir='ltr'>Instituit</span> <span class='ocrx_word' id='word_1_108' title='bbox 452 2278 485 2309; x_wconf 92' lang='lat' dir='ltr'>in</span> <span class='ocrx_word' id='word_1_109' title='bbox 512 2287 617 2318; x_wconf 86' lang='lat' dir='ltr'>coena,</span> 
     </span>
     <span class='ocr_line' id='line_1_42' title="bbox 239 2322 562 2357; baseline 0.009 -3"><span class='ocrx_word' id='word_1_110' title='bbox 239 2322 296 2354; x_wconf 79' lang='lat' dir='ltr'>Cui</span> <span class='ocrx_word' id='word_1_111' title='bbox 319 2323 403 2355; x_wconf 81' lang='lat' dir='ltr'>sedit</span> <span class='ocrx_word' id='word_1_112' title='bbox 424 2325 562 2357; x_wconf 87' lang='lat' dir='ltr'>cominus</span> 
     </span>
     <span class='ocr_line' id='line_1_43' title="bbox 283 2370 568 2404; baseline 0.014 -4"><span class='ocrx_word' id='word_1_113' title='bbox 283 2370 391 2401; x_wconf 85' lang='lat' dir='ltr'>Turba</span> <span class='ocrx_word' id='word_1_114' title='bbox 415 2372 568 2404; x_wconf 83' lang='lat' dir='ltr'>duodena.</span> 
     </span>
    </p>
   </div>
   <div class='ocr_carea' id='block_1_19' title="bbox 919 347 1478 482">
    <p class='ocr_par' dir='ltr' id='par_1_27' title="bbox 919 347 1478 482">
     <span class='ocr_line' id='line_1_44' title="bbox 920 347 1385 390; baseline 0.011 -13"><span class='ocrx_word' id='word_1_115' title='bbox 920 347 1012 378; x_wconf 83' lang='lat' dir='ltr'>Mens</span> <span class='ocrx_word' id='word_1_116' title='bbox 1032 349 1120 386; x_wconf 77' lang='lat' dir='ltr'>justa</span> <span class='ocrx_word' id='word_1_117' title='bbox 1143 350 1185 380; x_wconf 82' lang='lat' dir='ltr'>sit</span> <span class='ocrx_word' id='word_1_118' title='bbox 1209 354 1241 381; x_wconf 83' lang='lat' dir='ltr'>et</span> <span class='ocrx_word' id='word_1_119' title='bbox 1264 351 1385 390; x_wconf 79' lang='lat' dir='ltr'>sedula,</span> 
     </span>
     <span class='ocr_line' id='line_1_45' title="bbox 922 393 1261 433; baseline 0.009 -9"><span class='ocrx_word' id='word_1_120' title='bbox 922 393 1072 433; x_wconf 81' lang='lat' dir='ltr'>Saginata</span> <span class='ocrx_word' id='word_1_121' title='bbox 1095 396 1261 427; x_wconf 85' lang='lat' dir='ltr'>dulcedine</span> 
     </span>
     <span class='ocr_line' id='line_1_46' title="bbox 919 439 1478 482; baseline 0.009 -12"><span class='ocrx_word' id='word_1_122' title='bbox 919 439 969 470; x_wconf 92' lang='lat' dir='ltr'>De</span> <span class='ocrx_word' id='word_1_123' title='bbox 993 448 1088 471; x_wconf 89' lang='lat' dir='ltr'>carne</span> <span class='ocrx_word' id='word_1_124' title='bbox 1113 441 1231 472; x_wconf 82' lang='lat' dir='ltr'>Christi</span> <span class='ocrx_word' id='word_1_125' title='bbox 1262 446 1295 473; x_wconf 83' lang='lat' dir='ltr'>et</span> <span class='ocrx_word' id='word_1_126' title='bbox 1318 444 1478 482; x_wconf 83' lang='lat' dir='ltr'>sanguine.</span> 
     </span>
    </p>
   </div>
   <div class='ocr_carea' id='block_1_20' title="bbox 887 505 1477 546">
    <p class='ocr_par' dir='ltr' id='par_1_28' title="bbox 887 505 1477 546">
     <span class='ocr_line' id='line_1_47' title="bbox 887 505 1477 546; baseline 0.008 -11"><span class='ocrx_word' id='word_1_127' title='bbox 887 529 894 536; x_wconf 94' lang='lat'><em>.</em></span> <span class='ocrx_word' id='word_1_128' title='bbox 919 505 1098 545; x_wconf 86' lang='lat' dir='ltr'>Agonizans</span> <span class='ocrx_word' id='word_1_129' title='bbox 1106 510 1178 546; x_wconf 89' lang='lat' dir='ltr'>post</span> <span class='ocrx_word' id='word_1_130' title='bbox 1188 516 1316 539; x_wconf 86' lang='lat' dir='ltr'>coenam</span> <span class='ocrx_word' id='word_1_131' title='bbox 1325 508 1477 540; x_wconf 87' lang='lat' dir='ltr'>Dominus</span> 
     </span>
    </p>
   </div>
   <div class='ocr_carea' id='block_1_21' title="bbox 919 550 1454 641">
    <p class='ocr_par' dir='ltr' id='par_1_29' title="bbox 919 550 1454 641">
     <span class='ocr_line' id='line_1_48' title="bbox 919 550 1425 594; baseline 0.012 -13"><span class='ocrx_word' id='word_1_132' title='bbox 919 551 1026 582; x_wconf 83' lang='lat' dir='ltr'>Morte</span> <span class='ocrx_word' id='word_1_133' title='bbox 1049 550 1151 584; x_wconf 85' lang='lat' dir='ltr'>factus</span> <span class='ocrx_word' id='word_1_134' title='bbox 1173 554 1239 593; x_wconf 82' lang='lat' dir='ltr'>J&#39;am</span> <span class='ocrx_word' id='word_1_135' title='bbox 1263 555 1425 594; x_wconf 84' lang='lat' dir='ltr'>proximus</span> 
     </span>
     <span class='ocr_line' id='line_1_49' title="bbox 921 597 1454 641; baseline 0.011 -13"><span class='ocrx_word' id='word_1_136' title='bbox 921 597 1068 630; x_wconf 87' lang='lat' dir='ltr'>Cruorem</span> <span class='ocrx_word' id='word_1_137' title='bbox 1093 599 1178 632; x_wconf 86' lang='lat' dir='ltr'>fudit</span> <span class='ocrx_word' id='word_1_138' title='bbox 1202 610 1271 632; x_wconf 90' lang='lat' dir='ltr'>cum</span> <span class='ocrx_word' id='word_1_139' title='bbox 1295 603 1454 641; x_wconf 88' lang='lat' dir='ltr'>precibus.</span> 
     </span>
    </p>
   </div>
   <div class='ocr_carea' id='block_1_22' title="bbox 887 665 1478 708">
    <p class='ocr_par' dir='ltr' id='par_1_30' title="bbox 887 665 1478 708">
     <span class='ocr_line' id='line_1_50' title="bbox 887 665 1478 708; baseline 0.007 -12"><span class='ocrx_word' id='word_1_140' title='bbox 887 691 893 696; x_wconf 95' lang='lat'>.</span> <span class='ocrx_word' id='word_1_141' title='bbox 921 665 1047 697; x_wconf 83' lang='lat' dir='ltr'>Pernox</span> <span class='ocrx_word' id='word_1_142' title='bbox 1057 667 1133 697; x_wconf 87' lang='lat' dir='ltr'>tunc</span> <span class='ocrx_word' id='word_1_143' title='bbox 1142 666 1301 699; x_wconf 88' lang='lat' dir='ltr'>Christum</span> <span class='ocrx_word' id='word_1_144' title='bbox 1314 670 1478 708; x_wconf 87' lang='lat' dir='ltr'>proprium</span> 
     </span>
    </p>
   </div>
   <div class='ocr_carea' id='block_1_23' title="bbox 917 712 1398 841">
    <p class='ocr_par' dir='ltr' id='par_1_31' title="bbox 917 712 1398 841">
     <span class='ocr_line' id='line_1_51' title="bbox 919 712 1398 751; baseline 0.008 -9"><span class='ocrx_word' id='word_1_145' title='bbox 919 712 1082 743; x_wconf 82' lang='lat' dir='ltr'>Tradebat</span> <span class='ocrx_word' id='word_1_146' title='bbox 1104 713 1203 745; x_wconf 80' lang='lat' dir='ltr'>Judas</span> <span class='ocrx_word' id='word_1_147' title='bbox 1230 714 1398 751; x_wconf 74' lang='lat' dir='ltr'>dominum,</span> 
     </span>
     <span class='ocr_line' id='line_1_52' title="bbox 917 758 1325 798; baseline 0.012 -10"><span class='ocrx_word' id='word_1_148' title='bbox 917 758 995 789; x_wconf 84' lang='lat' dir='ltr'>Post</span> <span class='ocrx_word' id='word_1_149' title='bbox 1019 761 1160 798; x_wconf 87' lang='lat' dir='ltr'>corporis</span> <span class='ocrx_word' id='word_1_150' title='bbox 1186 761 1325 793; x_wconf 82' lang='lat' dir='ltr'>edulium</span> 
     </span>
     <span class='ocr_line' id='line_1_53' title="bbox 920 804 1391 841; baseline 0.008 -5"><span class='ocrx_word' id='word_1_151' title='bbox 920 804 1056 837; x_wconf 86' lang='lat' dir='ltr'>Crudele</span> <span class='ocrx_word' id='word_1_152' title='bbox 1078 807 1216 839; x_wconf 87' lang='lat' dir='ltr'>reddens</span> <span class='ocrx_word' id='word_1_153' title='bbox 1241 809 1391 841; x_wconf 85' lang='lat' dir='ltr'>osculum.</span> 
     </span>
    </p>
   </div>
   <div class='ocr_carea' id='block_1_24' title="bbox 1066 898 1270 935">
    <p class='ocr_par' dir='ltr' id='par_1_32' title="bbox 1066 898 1270 935">
     <span class='ocr_line' id='line_1_54' title="bbox 1066 898 1270 935; baseline 0.005 -9"><span class='ocrx_word' id='word_1_154' title='bbox 1066 898 1270 935; x_wconf 61' lang='lat' dir='ltr'>Responsoria„</span> 
     </span>
    </p>
   </div>
   <div class='ocr_carea' id='block_1_25' title="bbox 872 964 1200 998">
    <p class='ocr_par' dir='ltr' id='par_1_33' title="bbox 872 964 1200 998">
     <span class='ocr_line' id='line_1_55' title="bbox 872 964 1200 998; baseline 0.006 -2"><span class='ocrx_word' id='word_1_155' title='bbox 872 965 901 996; x_wconf 85' lang='lat'>1.</span> <span class='ocrx_word' id='word_1_156' title='bbox 923 964 1060 996; x_wconf 77' lang='lat' dir='ltr'>Mundos</span> <span class='ocrx_word' id='word_1_157' title='bbox 1085 975 1200 998; x_wconf 82' lang='lat' dir='ltr'>vocaus</span> 
     </span>
    </p>
   </div>
   <div class='ocr_carea' id='block_1_26' title="bbox 926 1011 1372 1286">
    <p class='ocr_par' dir='ltr' id='par_1_34' title="bbox 926 1011 1372 1286">
     <span class='ocr_line' id='line_1_56' title="bbox 974 1011 1256 1053; baseline 0.014 -12"><span class='ocrx_word' id='word_1_158' title='bbox 974 1011 1016 1042; x_wconf 85' lang='lat' dir='ltr'>ad</span> <span class='ocrx_word' id='word_1_159' title='bbox 1040 1020 1113 1044; x_wconf 86' lang='lat' dir='ltr'>suas</span> <span class='ocrx_word' id='word_1_160' title='bbox 1138 1014 1256 1053; x_wconf 83' lang='lat' dir='ltr'>epulas,</span> 
     </span>
     <span class='ocr_line' id='line_1_57' title="bbox 926 1057 1165 1099; baseline 0.013 -11"><span class='ocrx_word' id='word_1_161' title='bbox 926 1057 1017 1089; x_wconf 82' lang='lat' dir='ltr'>Hora</span> <span class='ocrx_word' id='word_1_162' title='bbox 1041 1067 1165 1099; x_wconf 82' lang='lat' dir='ltr'>coenae,</span> 
     </span>
     <span class='ocr_line' id='line_1_58' title="bbox 975 1105 1317 1147; baseline 0.006 -11"><span class='ocrx_word' id='word_1_163' title='bbox 975 1105 1134 1138; x_wconf 82' lang='lat' dir='ltr'>detestans</span> <span class='ocrx_word' id='word_1_164' title='bbox 1161 1108 1317 1147; x_wconf 84' lang='lat' dir='ltr'>crapulas,</span> 
     </span>
     <span class='ocr_line' id='line_1_59' title="bbox 929 1150 1141 1184; baseline 0.014 -3"><span class='ocrx_word' id='word_1_165' title='bbox 929 1150 1023 1181; x_wconf 80' lang='lat' dir='ltr'>Suam</span> <span class='ocrx_word' id='word_1_166' title='bbox 1048 1153 1069 1184; x_wconf 85' lang='lat' dir='ltr'><strong>J</strong></span> <span class='ocrx_word' id='word_1_167' title='bbox 1071 1160 1141 1184; x_wconf 89' lang='lat' dir='ltr'>esus</span> 
     </span>
     <span class='ocr_line' id='line_1_60' title="bbox 976 1198 1372 1240; baseline 0.008 -12"><span class='ocrx_word' id='word_1_168' title='bbox 976 1198 1032 1229; x_wconf 87' lang='lat' dir='ltr'>dat</span> <span class='ocrx_word' id='word_1_169' title='bbox 1056 1207 1181 1231; x_wconf 85' lang='lat' dir='ltr'>carnem</span> <span class='ocrx_word' id='word_1_170' title='bbox 1206 1199 1372 1240; x_wconf 83' lang='lat' dir='ltr'>ferculum,</span> 
     </span>
     <span class='ocr_line' id='line_1_61' title="bbox 1022 1244 1347 1286; baseline 0.009 -10"><span class='ocrx_word' id='word_1_171' title='bbox 1022 1244 1170 1278; x_wconf 88' lang='lat' dir='ltr'>Cruorem</span> <span class='ocrx_word' id='word_1_172' title='bbox 1191 1248 1347 1286; x_wconf 87' lang='lat' dir='ltr'>poculum.</span> 
     </span>
    </p>
   </div>
   <div class='ocr_carea' id='block_1_27' title="bbox 887 1290 1329 1330">
    <p class='ocr_par' dir='ltr' id='par_1_35' title="bbox 887 1290 1329 1330">
     <span class='ocr_line' id='line_1_62' title="bbox 887 1290 1329 1330; baseline 0.011 -9"><span class='ocrx_word' id='word_1_173' title='bbox 887 1315 894 1322; x_wconf 90' lang='lat'><strong><em>.</em></strong></span> <span class='ocrx_word' id='word_1_174' title='bbox 928 1290 1032 1330; x_wconf 86' lang='lat' dir='ltr'>Digna</span> <span class='ocrx_word' id='word_1_175' title='bbox 1056 1300 1131 1324; x_wconf 84' lang='lat' dir='ltr'>sane</span> <span class='ocrx_word' id='word_1_176' title='bbox 1156 1297 1188 1324; x_wconf 79' lang='lat' dir='ltr'>et</span> <span class='ocrx_word' id='word_1_177' title='bbox 1210 1295 1329 1326; x_wconf 82' lang='lat' dir='ltr'>munda</span> 
     </span>
    </p>
   </div>
   <div class='ocr_carea' id='block_1_28' title="bbox 926 1338 1315 1473">
    <p class='ocr_par' dir='ltr' id='par_1_36' title="bbox 926 1338 1315 1473">
     <span class='ocr_line' id='line_1_63' title="bbox 974 1338 1251 1380; baseline 0.014 -12"><span class='ocrx_word' id='word_1_178' title='bbox 974 1338 1047 1369; x_wconf 87' lang='lat' dir='ltr'>Vita</span> <span class='ocrx_word' id='word_1_179' title='bbox 1069 1341 1251 1380; x_wconf 79' lang='lat' dir='ltr'>requiritur,</span> 
     </span>
     <span class='ocr_line' id='line_1_64' title="bbox 926 1384 1313 1420; baseline 0.005 -3"><span class='ocrx_word' id='word_1_180' title='bbox 926 1384 992 1417; x_wconf 88' lang='lat' dir='ltr'>Ubi</span> <span class='ocrx_word' id='word_1_181' title='bbox 1017 1393 1090 1416; x_wconf 84' lang='lat' dir='ltr'>esca</span> <span class='ocrx_word' id='word_1_182' title='bbox 1111 1390 1176 1418; x_wconf 85' lang='lat' dir='ltr'>tam</span> <span class='ocrx_word' id='word_1_183' title='bbox 1200 1390 1313 1420; x_wconf 79' lang='lat' dir='ltr'>sancta</span> 
     </span>
     <span class='ocr_line' id='line_1_65' title="bbox 971 1431 1315 1473; baseline 0.012 -11"><span class='ocrx_word' id='word_1_184' title='bbox 971 1431 1085 1463; x_wconf 86' lang='lat' dir='ltr'>Mandi</span> <span class='ocrx_word' id='word_1_185' title='bbox 1108 1435 1315 1473; x_wconf 81' lang='lat' dir='ltr'>praecipitur.</span> 
     </span>
    </p>
   </div>
   <div class='ocr_carea' id='block_1_29' title="bbox 893 1505 1149 1540">
    <p class='ocr_par' dir='ltr' id='par_1_37' title="bbox 893 1505 1149 1540">
     <span class='ocr_line' id='line_1_66' title="bbox 893 1505 1149 1540; baseline 0.016 -4"><span class='ocrx_word' id='word_1_186' title='bbox 893 1530 901 1537; x_wconf 92' lang='lat'><strong><em>.</em></strong></span> <span class='ocrx_word' id='word_1_187' title='bbox 926 1505 1010 1537; x_wconf 85' lang='lat' dir='ltr'>Data</span> <span class='ocrx_word' id='word_1_188' title='bbox 1032 1509 1149 1540; x_wconf 90' lang='lat' dir='ltr'>mundo</span> 
     </span>
    </p>
   </div>
   <div class='ocr_carea' id='block_1_30' title="bbox 924 1555 1375 1828">
    <p class='ocr_par' dir='ltr' id='par_1_38' title="bbox 924 1555 1375 1828">
     <span class='ocr_line' id='line_1_67' title="bbox 973 1555 1287 1595; baseline 0.013 -12"><span class='ocrx_word' id='word_1_189' title='bbox 973 1561 1031 1591; x_wconf 85' lang='lat' dir='ltr'>pro</span> <span class='ocrx_word' id='word_1_190' title='bbox 1055 1555 1164 1586; x_wconf 88' lang='lat' dir='ltr'>mundi</span> <span class='ocrx_word' id='word_1_191' title='bbox 1186 1556 1287 1595; x_wconf 83' lang='lat' dir='ltr'>gloria</span> 
     </span>
     <span class='ocr_line' id='line_1_68' title="bbox 926 1599 1154 1633; baseline 0.013 -3"><span class='ocrx_word' id='word_1_192' title='bbox 926 1599 1012 1630; x_wconf 85' lang='lat' dir='ltr'>Mira</span> <span class='ocrx_word' id='word_1_193' title='bbox 1036 1599 1154 1633; x_wconf 88' lang='lat' dir='ltr'>Christi</span> 
     </span>
     <span class='ocr_line' id='line_1_69' title="bbox 971 1647 1228 1692; baseline 0.019 -16"><span class='ocrx_word' id='word_1_194' title='bbox 971 1649 1044 1677; x_wconf 81' lang='lat' dir='ltr'>sunt</span> <span class='ocrx_word' id='word_1_195' title='bbox 1068 1647 1228 1692; x_wconf 82' lang='lat' dir='ltr'>beneficia,</span> 
     </span>
     <span class='ocr_line' id='line_1_70' title="bbox 924 1692 1224 1733; baseline 0.017 -10"><span class='ocrx_word' id='word_1_196' title='bbox 924 1692 1065 1733; x_wconf 85' lang='lat' dir='ltr'>Morbos,</span> <span class='ocrx_word' id='word_1_197' title='bbox 1090 1698 1224 1727; x_wconf 87' lang='lat' dir='ltr'>mortem</span> 
     </span>
     <span class='ocr_line' id='line_1_71' title="bbox 972 1738 1219 1779; baseline 0.016 -9"><span class='ocrx_word' id='word_1_198' title='bbox 972 1738 1062 1779; x_wconf 81' lang='lat' dir='ltr'>fugat</span> <span class='ocrx_word' id='word_1_199' title='bbox 1086 1745 1119 1773; x_wconf 86' lang='lat' dir='ltr'>et</span> <span class='ocrx_word' id='word_1_200' title='bbox 1140 1743 1219 1775; x_wconf 85' lang='lat' dir='ltr'>vitia</span> 
     </span>
     <span class='ocr_line' id='line_1_72' title="bbox 1019 1786 1375 1828; baseline 0.011 -10"><span class='ocrx_word' id='word_1_201' title='bbox 1019 1786 1151 1828; x_wconf 83' lang='lat' dir='ltr'>Sumpta</span> <span class='ocrx_word' id='word_1_202' title='bbox 1176 1791 1375 1823; x_wconf 83' lang='lat' dir='ltr'>eucharistia.</span> 
     </span>
    </p>
   </div>
   <div class='ocr_carea' id='block_1_31' title="bbox 886 1834 1147 1873">
    <p class='ocr_par' dir='ltr' id='par_1_39' title="bbox 886 1834 1147 1873">
     <span class='ocr_line' id='line_1_73' title="bbox 886 1834 1147 1873; baseline 0.008 -8"><span class='ocrx_word' id='word_1_203' title='bbox 886 1858 894 1865; x_wconf 88' lang='lat'><strong>.</strong></span> <span class='ocrx_word' id='word_1_204' title='bbox 928 1834 1031 1864; x_wconf 83' lang='lat' dir='ltr'>Vitam</span> <span class='ocrx_word' id='word_1_205' title='bbox 1052 1835 1147 1873; x_wconf 87' lang='lat' dir='ltr'>justis</span> 
     </span>
    </p>
   </div>
   <div class='ocr_carea' id='block_1_32' title="bbox 923 1879 1265 1960">
    <p class='ocr_par' dir='ltr' id='par_1_40' title="bbox 923 1879 1265 1960">
     <span class='ocr_line' id='line_1_74' title="bbox 971 1879 1265 1924; baseline 0.017 -14"><span class='ocrx_word' id='word_1_206' title='bbox 971 1879 1095 1913; x_wconf 83' lang='lat' dir='ltr'>confert</span> <span class='ocrx_word' id='word_1_207' title='bbox 1116 1883 1265 1924; x_wconf 84' lang='lat' dir='ltr'>edulium,</span> 
     </span>
     <span class='ocr_line' id='line_1_75' title="bbox 923 1926 1176 1960; baseline 0.016 -3"><span class='ocrx_word' id='word_1_208' title='bbox 923 1926 1020 1958; x_wconf 81' lang='lat' dir='ltr'>Malis</span> <span class='ocrx_word' id='word_1_209' title='bbox 1044 1932 1176 1960; x_wconf 89' lang='lat' dir='ltr'>mortem</span> 
     </span>
    </p>
   </div>
   <div class='ocr_carea' id='block_1_33' title="bbox 969 1972 1309 2015">
    <p class='ocr_par' dir='ltr' id='par_1_41' title="bbox 969 1972 1309 2015">
     <span class='ocr_line' id='line_1_76' title="bbox 969 1972 1309 2015; baseline 0.024 -12"><span class='ocrx_word' id='word_1_210' title='bbox 969 1972 1069 2005; x_wconf 81' lang='lat' dir='ltr'>infert</span> <span class='ocrx_word' id='word_1_211' title='bbox 1092 1978 1124 2007; x_wconf 89' lang='lat' dir='ltr'>et</span> <span class='ocrx_word' id='word_1_212' title='bbox 1144 1977 1309 2015; x_wconf 80' lang='lat' dir='ltr'>J&#39;udicium.</span> 
     </span>
    </p>
   </div>
   <div class='ocr_carea' id='block_1_34' title="bbox 890 2048 1124 2088">
    <p class='ocr_par' dir='ltr' id='par_1_42' title="bbox 890 2048 1124 2088">
     <span class='ocr_line' id='line_1_77' title="bbox 890 2048 1124 2088; baseline 0.013 -9"><span class='ocrx_word' id='word_1_213' title='bbox 890 2073 898 2080; x_wconf 91' lang='lat'><em>.</em></span> <span class='ocrx_word' id='word_1_214' title='bbox 924 2048 1124 2088; x_wconf 81' lang='lat' dir='ltr'>Paupertatis</span> 
     </span>
    </p>
   </div>
   <div class='ocr_carea' id='block_1_35' title="bbox 918 2095 1299 2421">
    <p class='ocr_par' dir='ltr' id='par_1_43' title="bbox 925 2095 1265 2176">
     <span class='ocr_line' id='line_1_78' title="bbox 969 2095 1265 2140; baseline 0.02 -15"><span class='ocrx_word' id='word_1_215' title='bbox 969 2095 1119 2129; x_wconf 88' lang='lat' dir='ltr'>incedens</span> <span class='ocrx_word' id='word_1_216' title='bbox 1144 2100 1265 2140; x_wconf 85' lang='lat' dir='ltr'>semita,</span> 
     </span>
     <span class='ocr_line' id='line_1_79' title="bbox 925 2141 1178 2176; baseline 0.016 -3"><span class='ocrx_word' id='word_1_217' title='bbox 925 2141 1045 2174; x_wconf 81' lang='lat' dir='ltr'>Cuncta</span> <span class='ocrx_word' id='word_1_218' title='bbox 1067 2145 1178 2176; x_wconf 87' lang='lat' dir='ltr'>mundi</span> 
     </span>
    </p>

    <p class='ocr_par' dir='ltr' id='par_1_44' title="bbox 923 2189 1296 2276">
     <span class='ocr_line' id='line_1_80' title="bbox 972 2189 1296 2235; baseline 0.015 -15"><span class='ocrx_word' id='word_1_219' title='bbox 972 2189 1130 2223; x_wconf 73' lang='lat' dir='ltr'>detestans</span> <span class='ocrx_word' id='word_1_220' title='bbox 1156 2193 1296 2235; x_wconf 79' lang='lat' dir='ltr'>crimina,</span> 
     </span>
     <span class='ocr_line' id='line_1_81' title="bbox 923 2235 1132 2276; baseline 0.019 -10"><span class='ocrx_word' id='word_1_221' title='bbox 923 2235 1044 2276; x_wconf 86' lang='lat' dir='ltr'>Dignus</span> <span class='ocrx_word' id='word_1_222' title='bbox 1069 2236 1132 2270; x_wconf 84' lang='lat' dir='ltr'>frui</span> 
     </span>
    </p>

    <p class='ocr_par' dir='ltr' id='par_1_45' title="bbox 918 2284 1299 2370">
     <span class='ocr_line' id='line_1_82' title="bbox 972 2284 1299 2327; baseline 0.018 -14"><span class='ocrx_word' id='word_1_223' title='bbox 972 2286 1021 2314; x_wconf 86' lang='lat' dir='ltr'>est</span> <span class='ocrx_word' id='word_1_224' title='bbox 1043 2284 1161 2318; x_wconf 86' lang='lat' dir='ltr'>Christi</span> <span class='ocrx_word' id='word_1_225' title='bbox 1185 2287 1299 2327; x_wconf 81' lang='lat' dir='ltr'>hostia,</span> 
     </span>
     <span class='ocr_line' id='line_1_83' title="bbox 918 2330 1099 2370; baseline 0.017 -9"><span class='ocrx_word' id='word_1_226' title='bbox 918 2330 1009 2361; x_wconf 83' lang='lat' dir='ltr'>Inter</span> <span class='ocrx_word' id='word_1_227' title='bbox 1031 2331 1099 2370; x_wconf 85' lang='lat' dir='ltr'>poli</span> 
     </span>
    </p>

    <p class='ocr_par' dir='ltr' id='par_1_46' title="bbox 968 2377 1279 2421">
     <span class='ocr_line' id='line_1_84' title="bbox 968 2377 1279 2421; baseline 0.016 -13"><span class='ocrx_word' id='word_1_228' title='bbox 968 2377 1120 2411; x_wconf 85' lang='lat' dir='ltr'>locandus</span> <span class='ocrx_word' id='word_1_229' title='bbox 1145 2381 1279 2421; x_wconf 80' lang='lat' dir='ltr'>agmina,</span> 
     </span>
    </p>
   </div>
  </div>
 </body>
</html>
