1652 2615
366 207 428 240 Ad
452 207 630 242 Laudes,

406 280 601 316 Antiphonae.

202 338 232 372 1.
260 338 483 372 collaudemus
508 339 674 372 Dominum

306 385 467 418 Christum
492 387 734 431 redemptorem,

258 432 317 471 Qui
342 433 504 467 Ubaldum
528 434 634 466 induit

306 479 436 512 Gloriae
463 481 621 514 decorem.

201 539 233 569 2.
258 536 373 570 Omnes
399 546 470 569 cum
495 537 619 570 laetitia

306 583 447 616 Jubilate
470 584 549 625 Deo,

258 631 343 664 Nam
368 631 513 664 Ubaldus
534 631 630 664 hodie

305 678 428 711 Colitur
452 680 485 709 in
511 687 557 712 e0.

202 737 234 768 3.
259 734 357 776 Deus,
384 736 427 767 ad
451 738 484 766 te
508 736 644 776 vigilans

306 782 438 823 Semper
462 784 494 813 te
518 782 684 822 quaesivit,

256 829 305 862 Te
328 830 446 863 Ubaldi
477 830 582 861 anima

305 876 430 917 Jugiter
455 876 566 909 sitivit„

200 936 231 968 4.
258 934 448 966 Sacerdotes
472 933 611 970 Domini,

308 980 445 1020 Spiritus
472 981 640 1019 justorum,

257 1027 420 1061 Ubaldum
451 1027 640 1067 benedicite,

308 1074 468 1114 Collegam
493 1077 683 1106 sanctorum.

201 1134 232 1164 5.
260 1131 412 1163 Homines
438 1136 470 1162 et
494 1130 608 1171 angeli,

305 1178 477 1210 Dominum
501 1177 641 1216 laudate,

260 1226 299 1258 ln
325 1225 459 1257 excelsis
484 1224 663 1263 praesulem

303 1272 442 1312 Dignum
466 1271 630 1305 honorate.

372 1346 417 1374 Ad
436 1346 621 1374 Benedictus.

187 1407 227 1439 A.
259 1405 309 1438 Sit
330 1406 364 1437 in
392 1404 524 1436 excelsis
550 1403 651 1444 gloria

803 114 869 150 281
919 133 966 139 -—

998 211 1043 242 In
1069 212 1100 243 2.
1127 211 1345 249 vesperis.

1078 284 1272 319 Antiphonae.

882 340 913 373 1.
936 341 975 372 In
998 341 1221 380 splendoribus
1247 344 1426 374 sanctorum

872 1404 909 1434 A.

307 1452 401 1484 Nunc
422 1456 454 1484 et
471 1459 529 1491 per
547 1453 659 1482 cuncta
675 1450 811 1490 saecula,

258 1499 360 1532 Plena
383 1497 512 1530 functus
534 1498 680 1535 victoria,

307 1546 405 1578 Nulla
429 1554 541 1585 passus
566 1543 704 1584 piacula,

259 1593 406 1627 tibaldus
432 1601 544 1625 carens
569 1591 683 1630 scoria,

308 1640 411 1672 Saecli
435 1641 563 1672 vincens
588 1638 731 1678 pericula

258 1687 423 1721 Transivit
447 1687 556 1718 mundi
579 1686 682 1717 maria

307 1736 467 1767 Virtutum
492 1734 525 1764 in
549 1732 704 1772 navicula,

258 1783 326 1815 Nos
353 1783 393 1814 de
419 1781 522 1813 carnis
546 1779 676 1811 miseria

307 1829 372 1862 Sua
394 1829 478 1862 levet
503 1827 659 1860 vehicula.

985 387 1079 420 Sidus
1105 388 1239 429 fulgens,
1267 389 1331 421 dux
1354 388 1470 429 fidelis,

938 433 1034 467 Salva
1057 436 1182 475 plebem
1207 436 1415 476 servulorum,

986 483 1081 514 Pater
1093 486 1210 523 noster,
1224 483 1277 523 qui
1291 491 1323 515 es
1336 482 1369 513 in
1380 483 1486 517 caelis„

906 564 913 571 .
938 538 977 569 In
1001 539 1131 571 consilio
1154 539 1310 578 justorum

986 585 1079 617 Stans
1105 587 1219 618 exaudi
1243 589 1349 618 votum
1375 595 1474 626 51111111,

938 631 985 663 Ut
1008 631 1047 664 ab
1074 642 1129 664 ore
1155 633 1340 664 devotorum

987 679 1207 711 Sanctificetur
1231 689 1343 711 nomen
1366 683 1464 713 tuum.

904 760 912 768 .
938 735 1047 767 Omnis
1071 736 1130 777 vir,
1161 737 1214 776 qui
1238 737 1324 775 cupit
1348 737 1441 768 nimis

985 783 1143 832 Ubaldurp
1167 786 1333 822 patronum
1359 792 1458 822 51111111,

938 829 964 862 Ο
990 829 1085 868 Deus,
1111 834 1232 862 tractus
1256 830 1296 861 ab
1318 830 1400 867 imis,

986 877 1148 911 Adveniat
1170 886 1299 917 regnum
1323 879 1419 910 tuum.

937 933 965 965 A
992 933 1067 965 solis
1092 935 1164 965 ortu
1188 934 1230 965 ad
1254 942 1399 966 occasum

987 980 1040 1012 Sic
1062 979 1119 1012 fiat
1143 981 1287 1012 voluntas
1312 984 1375 1022 tua,

940 1026 990 1059 Ne
1013 1030 1185 1066 pavescant
1207 1027 1317 1059 mort-is
1344 1035 1449 1059 casum

986 1073 1103 1105 Debita
1133 1074 1284 1106 donantes
1310 1083 1370 1105 sua,

942 1129 1112 1170 Memento,
1137 1129 1233 1166 Deus,
1259 1132 1394 1170 tuorum,

989 1176 1047 1215 Qui
1072 1179 1145 1208 sunt
1168 1177 1201 1208 in
1225 1175 1285 1208 hoc
1309 1176 1393 1208 vitae
1409 1177 1487 1216 salo,

942 1222 1049 1255 Funes
1074 1224 1231 1262 stringunt
1255 1226 1467 1264 peccatorum,

986 1269 1049 1302 Sed
1073 1270 1175 1302 libera
1199 1279 1255 1302 nos
1280 1279 1299 1301 a
1322 1271 1414 1303 malo.

1057 1344 1103 1371 Ad
1124 1343 1302 1379 Magnificat.

941 1401 1012 1434 Lux
1035 1402 1149 1434 solaris
1173 1402 1283 1433 orbem
1305 1402 1453 1443 lustrans,

941 1448 1121 1480 Occidendo
1147 1448 1246 1480 visum
1274 1447 1430 1480 frustrans

987 1496 1121 1527 Noctem
1145 1495 1251 1527 innuit
1273 1499 1465 1535 sequentem,

987 1543 1120 1574 Hostem
1143 1542 1176 1573 in
1200 1551 1258 1574 nos
1280 1543 1489 1582 saevientem3

940 1589 966 1622 Ο
991 1590 1127 1633 Ubalde‚
1153 1593 1187 1620 te
1211 1598 1367 1629 rogamus,

941 1636 1038 1677 Cujus
1062 1635 1143 1669 festo
1168 1635 1262 1668 finem
1289 1637 1408 1676 damus,

988 1685 1035 1717 Ut
1058 1684 1101 1715 sis
1125 1686 1235 1715 nostra
1258 1684 1313 1715 lux
1335 1683 1463 1715 interna

989 1730 1094 1763 Corda
1118 1730 1234 1763 vehens
1260 1731 1302 1762 ad
1326 1739 1473 1772 superna,

939 1777 984 1810 Et
1004 1778 1152 1810 ostendas
1177 1786 1288 1809 verum
1311 1778 1420 1816 solem,

939 1826 1093 1858 Lucidam
1118 1825 1241 1857 Mariae
1265 1826 1397 1864 prolem.

264 1887 348 1914 Brev.
378 1893 431 1912 ms.
456 1883 604 1912 Wiiuorum
630 1882 779 1917 Eugubin.
807 1889 882 1909 saec.
906 1880 951 1909 15.
996 1880 1065 1909 Coti.
1091 1881 1248 1917 Angelicus
1271 1881 1296 1907 T
1320 1880 1379 1908 VH
1402 1879 1429 1908 9.
1456 1895 1491 1899 —

186 1925 227 1954 In
256 1923 280 1952 1.
300 1924 396 1959 Vesp
429 1920 451 1949 Α
479 1919 512 1957 3,
540 1919 558 1965 3
579 1929 662 1956 empy
644 1928 752 1955 yreum
780 1934 817 1939 —
844 1920 887 1947 In
910 1918 933 1946 1.
953 1919 1053 1947 Noct
1076 1917 1098 1944 Α
1121 1917 1152 1951 1,
1178 1917 1198 1946 4
1217 1918 1359 1953 Suspiiat.
1387 1934 1425 1938 —
1450 1918 1490 1945 In

185 1961 213 1992 3.
245 1963 349 1991 Noet.
377 1931 402 1988 Α
436 1959 468 1995 l,
504 1944 518 1987 '1
545 1960 607 1995 jam
637 1958 763 1993 erg'anzt.
793 1972 830 1976 —
858 1957 916 1985 Die
944 1958 1008 1985 vier
1037 1955 1233 1992 zugehb'iigen
1264 1957 1401 1991 Hymnen
1431 1957 1488 1991 vgl.

186 2001 271 2029 Anal.
292 2000 388 2034 XXII,
410 1996 465 2026 271
486 2006 549 2034 sqq.

626 2070 673 2102 99.
703 2069 746 2100 De
766 2070 873 2100 sancto
893 2068 1063 2099 Victorino.

327 2135 374 2167 In
401 2134 431 2167 1.
458 2131 674 2173 Vesperis.

370 2189 416 2217 Ad
435 2188 614 2225 Magnificat.

185 2237 225 2270 A.
255 2236 280 2268 O
305 2235 361 2266 lux
385 2233 562 2266 infidelium

257 2284 296 2315 In
321 2281 461 2314 tenebris
488 2280 661 2312 errantium

304 2329 512 2361 Praedicator
536 2327 669 2369 gratiae,

351 2377 473 2409 Doctor
497 2374 660 2415 veritatis;

941 2128 989 2161 Tu
1015 2132 1047 2161 et
1071 2128 1160 2161 verbi
1182 2128 1289 2169 gladio

940 2176 985 2209 Et
1006 2176 1171 2216 praeclaro
1196 2176 1349 2216 martyrio

986 2225 1111 2264 Aquam
1136 2223 1312 2262 sapientiae

1035 2270 1217 2310 Propinasti
1240 2270 1350 2310 gratis.

939 2320 964 2352 O
991 2318 1118 2359 quantis
1142 2316 1296 2360 insigniis,

941 2368 965 2400 O
992 2374 1084 2406 quam
1109 2364 1202 2397 nimis
1226 2364 1381 2406 prodigiis
