1652 2615
689 177 731 184 *—
781 158 848 194 120
896 178 941 184 —

599 252 644 284 38.
674 251 714 281 Do
737 250 924 282 visitatione
943 248 1027 280 BMV.

314 321 359 355 In
385 325 415 356 1.
442 323 652 361 VesperiS.

384 386 575 420 Antiphonae.

210 458 216 465 .
244 433 431 473 Properavit
454 433 541 471 virgo
565 436 674 474 mater,

242 480 336 511 Ducit
359 480 439 511 hanc
463 487 614 517 supernus
642 481 732 518 pater

288 526 423 557 Visitare
445 525 593 558 sterilem.

211 608 217 614 .
243 582 331 614 Haec
354 582 405 612 via
428 580 493 611 ibat
519 580 654 620 levigata

241 629 361 660 Fruetu
384 627 502 658 ventris
527 627 743 666 impraegnata

288 675 325 705 In
349 676 495 705 montana
518 673 654 706 veniens,

207 754 214 760 .
241 729 310 761 Jam
335 729 431 760 subiit
455 729 579 760 domwn
605 729 736 760 hilarem

240 776 412 817 Elisabeth,
440 784 532 814 quam
552 776 689 806 sterilem

286 822 481 854 Fecundavit
505 822 667 855 Dominus

207 904 213 910 .
241 877 356 909 Laetus
384 876 488 909 infans
514 878 691 915 exsultavit,

240 924 369 955 Clausus
392 927 501 955 ventre
522 924 668 963 jubilavit

287 971 444 1003 :Iohannes
469 979 523 1001 suo
546 970 689 1002 Domino.

211 1049 218 1056 .
245 1025 305 1056 llle
329 1027 415 1057 venit
438 1027 582 1056 nuntiare

244 1071 315 1103 Toti
340 1072 455 1103 mundo
479 1072 627 1110 salutare,

292 1118 397 1149 Jesum
420 1118 481 1148 Dei
505 1117 613 1150 filium.

204 1198 211 1206 .
243 1173 331 1209 Veni,
360 1174 453 1204 decus
478 1174 641 1215 virginum,

243 1220 331 1257 Veni,
357 1228 471 1251 manna
497 1220 718 1259 dulcissimum,

289 1266 425 1297 Ostende
446 1267 654 1304 patrocinium

289 1312 388 1343 Nobis
413 1310 517 1343 ferens
542 1314 708 1352 auxilium3

208 1384 214 1391 .
244 1358 375 1390 Clausus
400 1357 557 1390 Johannes
579 1362 669 1391 utero

244 1404 328 1435 Mira
351 1405 467 1444 promit
491 1414 559 1436 eum
581 1406 681 1444 jubilo

292 1451 509 1483 Praesentiens
533 1454 726 1492 mysterium.

357 1524 402 1551 Ad
420 1524 595 1559 Magnifieat.

207 1605 214 1611 .
245 1580 358 1611 Patent
380 1588 491 1619 magna
516 1582 570 1612 sed
596 1581 761 1621 stupenda,

243 1627 330 1657 Anus
355 1627 486 1658 elamat:
514 1636 532 1658 0
551 1629 705 1665 miranda,

243 1673 336 1705 Unde
359 1674 420 1704 hoe
443 1681 510 1704 meo
534 1675 651 1705 nomini

289 1720 394 1751 Potuit
417 1728 485 1750 esse
511 1721 626 1760 datum,

243 1766 287 1798 Ut
310 1775 359 1797 me
382 1768 481 1797 mater
502 1766 628 1798 Domini

289 1813 400 1844 Veniat
423 1813 592 1845 visitatum.

264 1887 324 1918 Ad
353 1887 690 1926 Completorium.

353 1951 445 1986 Super
464 1951 603 1979 Psalmos.

203 2023 210 2029 .
240 1998 389 2029 Visitavit

287 2044 383 2083 Virgo
406 2053 544 2087 uxorem,

242 2090 395 2122 Salutavit

287 2138 398 2169 Junior
421 2137 584 2171 seniorem,

330 2201 374 2228 Ad
394 2201 479 2229 Nunc
498 2201 628 2229 dimittis.

202 2275 208 2281 .
238 2250 290 2281 Ad
315 2258 365 2280 me
388 2249 473 2281 venit

284 2298 390 2329 Mater
415 2296 592 2335 salvatoris,

239 2343 297 2382 Qui
320 2352 370 2374 me
395 2342 471 2374 fecit

285 2390 339 2422 Sui
362 2394 492 2422 matrem
514 2391 739 2430 praecursoris..

980 318 1040 351 Ad
1064 317 1329 351 Matutinum.

1046 391 1218 418 Invitatoriu
1223 398 1259 416 m.

914 447 1072 481 Christum
1097 454 1199 485 regem
1227 445 1401 484 adoremus,

915 494 1008 531 Cujus
1033 495 1165 523 matrem
1190 492 1343 523 sociemus

958 540 1148 571 Visitantem
1172 538 1323 570 sterilem.

974 652 1019 683 In
1044 652 1073 683 1.
1101 651 1326 684 Nocturno.

1056 725 1077 752 A
1082 725 1248 760 ntiphonae.

855 783 885 815 1.
912 784 1078 821 Postquam
1103 782 1191 821 virgo
1215 781 1380 820 salutatur,

914 829 1110 867 conceptura
1133 828 1295 859 nuntiatur

910 876 1014 914 Hune,
1041 875 1089 905 cui
1114 875 1224 906 salutis
1249 876 1296 905 est
1320 883 1434 906 nomen

911 922 954 953 Et
977 922 1163 953 admirabile
1186 929 1310 955 numen,

881 1005 887 1011 .
912 978 1061 1010 Visitavit
1083 978 1170 1017 virgo
1194 979 1295 1009 mater

912 1023 1048 1056 Matrem
1076 1023 1288 1062 feeundosarn,

911 1072 1008 1110 Quam
1033 1069 1215 1102 fecundavit
1238 1069 1323 1101 Deus
1348 1074 1450 1110 pater,

915 1118 1008 1155 (Jujus
1040 1118 1118 1148 caeli
1142 1120 1291 1149 enariant
1315 1117 1457 1156 glorIam.

880 1197 886 1203 .
914 1173 1039 1205 Certum
1065 1177 1113 1203 est
1137 1173 1347 1204 testimonium

912 1219 1034 1258 Virgini
1059 1219 1170 1250 beatae

910 1266 993 1297 Dato
1018 1265 1079 1296 sibi
1102 1266 1219 1297 indicio

910 1311 1073 1344 Elisabeth
1100 1317 1258 1351 cognatae,

912 1359 969 1391 Cui
993 1357 1129 1389 fructum
1156 1359 1211 1390 dat
1232 1358 1403 1390 altissimus

913 1404 1004 1437 Orbis
1030 1408 1184 1436 terrarum
1208 1404 1371 1436 Dominus.

1039 1479 1243 1514 Responsoria.

879 1562 885 1567 .
911 1536 981 1566 Ave
1004 1543 1072 1565 eum
1102 1536 1182 1567 dixit
1204 1536 1334 1574 angelus

959 1581 1079 1621 Virgini
1104 1582 1225 1621 beatae,

914 1628 1083 1660 Admirans
1105 1629 1163 1660 illa
1187 1629 1349 1667 obstupuit

958 1674 1058 1706 Saluti
1081 1676 1236 1713 visitatae,

911 1722 990 1761 Quia
1013 1722 1139 1753 modum
1163 1722 1272 1761 nescit,

957 1777 1016 1807 quo
1037 1767 1121 1800 foret
1136 1770 1289 1808 salutata3

871 1841 878 1848 .
907 1813 1087 1847 Referentis
1113 1817 1217 1856 angeli
1241 1824 1384 1847 sermone

957 1861 1054 1901 Virgo
1081 1866 1129 1893 est
1150 1863 1286 1894 turbata.

880 1945 887 1951 .
914 1918 975 1950 Gor
997 1917 1136 1948 titubans
1162 1919 1317 1957 eloquium

913 1962 1082 1996 Confirmat
1106 1965 1317 1996 testimonium

912 2011 1026 2042 Datum
1054 2011 1114 2041 sibi
1139 2020 1196 2050 per
1221 2013 1364 2051 angelum

911 2057 973 2088 Per
996 2056 1161 2089 Elisabeth
1185 2059 1322 2099 senium3

872 2128 880 2135 .
910 2104 998 2135 Haec
1023 2104 1095 2134 dum
1120 2105 1151 2136 in
1178 2107 1328 2138 sermonis

956 2150 1102 2181 turbatur
1127 2152 1260 2194 eloquio,

911 2197 994 2228 Miro
1021 2196 1214 2231 confortatur

959 2245 989 2274 et
1013 2252 1086 2275 vero
1111 2246 1299 2280 testimonio,

854 2301 882 2332 3.
907 2299 1087 2333 Jueundata
1114 2305 1162 2332 est
1185 2303 1292 2335 Maria

910 2346 993 2378 Fide
1016 2349 1136 2380 structa
1160 2350 1307 2394 spirit-ali,

912 2394 1008 2431 Quam
1034 2403 1189 2435 nunquam
1215 2397 1362 2440 deseruit,
