1652 2615
292 243 457 274 Triduano
482 242 585 281 spatio

340 289 414 321 dum
438 288 604 329 langueret
623 290 680 330 ita,

290 335 423 375 Squalet
446 336 514 374 ejus
539 336 637 368 facies

335 392 438 422 nuper
462 385 526 414 tam
549 384 659 423 polita.

249 454 256 461 .
286 430 395 462 Poena
418 433 483 461 tam
509 439 700 470 exasperans

338 486 496 517 nunquam
523 480 571 509 est
595 478 713 518 audita,

289 523 400 564 Longe
425 524 487 555 sibi
513 525 616 556 carior

336 580 421 603 mors
448 574 517 602 erat
541 581 632 611 quam
659 572 734 605 vita.

255 653 262 660 .
290 627 420 666 Qualem
448 626 561 667 dicam,
589 628 724 670 domina,

335 683 479 715 poenam,
507 683 601 713 quam
624 675 735 716 tulisti,

288 720 446 754 Crucifixo
472 720 537 753 filio

334 768 460 808 quando
484 770 518 800 tu
545 769 672 800 dixisti:

285 815 361 847 Noli
384 823 435 847 me
459 816 632 854 superstite

334 864 419 895 solus
444 865 575 894 mortem
602 863 680 904 pati,

287 910 371 951 Fiat,
404 918 531 950 quaeso,
558 910 669 941 similis

335 966 419 989 mors
444 957 555 988 matris
581 959 611 988 et
636 958 712 990 nati.

245 1028 253 1035 .
284 1003 360 1035 Noli
382 1011 434 1035 me
457 1003 645 1043 relinquere,

334 1051 421 1093 Jesu,
449 1049 494 1082 fili
518 1050 610 1094 bone,

286 1099 354 1130 Fac
377 1101 413 1129 ut
438 1100 541 1128 tecum
565 1098 684 1130 moriar

331 1148 387 1176 tua
410 1145 568 1185 passione.

249 1226 256 1233 .
284 1202 383 1241 Quam
408 1202 555 1240 putamus

329 1248 440 1280 matris
465 1247 664 1288 maestitiam,

284 1295 359 1327 Cum
386 1294 510 1326 videret

328 1342 427 1381 prolis
453 1339 655 1380 angustiam}

281 1389 353 1421 Non
377 1392 423 1420 est
450 1388 541 1419 dolor

326 1439 361 1467 ut
385 1435 496 1467 matris
518 1434 660 1475 virginis,

279 1483 416 1515 Mortem
441 1480 548 1513 flentis

324 1530 384 1561 Dei
411 1532 441 1562 et
465 1529 611 1562 hominiS.

239 1602 246 1610 .
276 1577 362 1609 Rosa
385 1576 502 1609 rubens
527 1576 663 1608 vertitur

325 1625 437 1656 mortis
461 1623 495 1654 in
520 1623 686 1663 pallorem,

277 1672 361 1703 Dum
385 1672 419 1703 in
443 1673 561 1702 terram
586 1668 685 1701 fluere

324 1727 450 1750 sacrum
475 1718 565 1749 videt
590 1725 742 1749 cruorem.

339 1852 386 1884 In
413 1851 444 1884 3.
471 1849 528 1881 No
541 1852 700 1884 cturno.

424 1924 619 1960 Antiphonae.

239 2012 245 2018 .
274 1984 372 2024 Virgo
397 1986 483 2015 tuum
509 1981 610 2013 filium

318 2031 351 2062 in
378 2038 472 2063 eruce
497 2030 653 2061 clavatum

272 2079 388 2111 Redde
412 2077 475 2118 piis
501 2077 648 2116 precibus

318 2127 442 2158 miseris
467 2125 638 2164 placatum.

237 2210 245 2218 .
272 2184 340 2215 Nos
364 2182 474 2215 matris
501 2182 688 2225 compassio,

316 2230 405 2270 Jesu,
432 2237 489 2260 rex
514 2229 658 2271 insignis,

274 2278 388 2310 Servet
412 2287 431 2309 a
458 2277 608 2316 voragine

318 2324 501 2365 gehennalis
526 2324 618 2365 ignis.

839 148 906 183 147
957 168 999 172 —-

916 247 947 278 3.
976 245 1093 277 Sancta
1117 243 1176 274 Dei
1202 242 1350 284 genitrix,

1019 290 1120 323 dulcis
1146 293 1178 321 et
1203 289 1327 331 decora,

969 339 1087 378 Regem
1113 337 1207 368 morti
1231 337 1384 368 traditum

1017 395 1075 425 pro
1101 384 1192 416 nobis
1217 393 1322 417 exora.

1109 517 1314 551 Responsoria.

912 604 941 636 1.
965 604 1017 635 Ad
1042 604 1144 635 locum
1169 603 1318 642 supplicii

1015 651 1103 690 virgo
1130 658 1199 681 cum
1225 650 1372 688 venisset,

969 697 1140 737 Postquam
1166 697 1215 727 sui
1235 696 1293 728 filii

1013 747 1145 776 mortem
1173 744 1398 785 conspexisset,

965 793 1130 831 Augentur

1012 839 1157 878 planetus
1182 839 1214 867 et
1236 837 1388 869 lacrimae

965 884 1222 924 Multiplicantur

1015 932 1139 963 dolores
1165 934 1198 962 et
1222 931 1396 971 angustiae.

896 980 934 1012 V.
967 979 1063 1010 Nulla
1087 978 1176 1010 novit
1199 978 1335 1017 genitrix

1012 1025 1173 1065 angustias
1196 1027 1262 1056 tam
1289 1025 1395 1067 duras,

966 1073 1043 1105 Cum
1068 1072 1178 1112 plagas
1203 1072 1386 1111 adspiceret

1014 1122 1046 1150 et
1070 1119 1183 1157 capitis
1209 1122 1391 1158 puncturas.

907 1205 934 1234 2.
963 1203 1061 1242 Virgo
1088 1202 1343 1242 clementissima,

1012 1250 1098 1289 virgo
1123 1251 1225 1280 mater
1251 1249 1379 1290 Christi,

962 1296 1038 1329 Cum
1063 1295 1190 1328 videres
1216 1294 1316 1327 filium

1007 1344 1087 1375 mori
1112 1345 1214 1374 morte
1238 1343 1333 1383 tristi,

961 1391 1033 1422 Non
1058 1390 1124 1422 suis
1149 1390 1325 1423 tortoribus

1007 1438 1101 1469 anxia
1126 1435 1225 1477 fuisti,

959 1484 1022 1517 Sed
1048 1485 1201 1524 plangens
1227 1486 1259 1515 et
1282 1485 1453 1517 lacrimans

1002 1535 1100 1563 temet
1123 1529 1279 1567 afflixisti.

889 1579 927 1612 V.
955 1579 1072 1611 Manus
1096 1580 1246 1617 torquens
1272 1579 1389 1610 aeriter

1007 1627 1102 1658 anxia
1125 1623 1225 1665 fuisti,

957 1673 1024 1713 Nil,
1051 1672 1134 1713 quod
1161 1675 1230 1703 erat
1252 1673 1414 1713 indecens,

1003 1719 1148 1759 reprobis
1175 1719 1293 1751 dixisti.

900 1807 930 1838 3.
959 1805 1036 1838 Cum
1060 1804 1195 1843 videret,

1003 1852 1086 1892 quod
1114 1851 1218 1883 clauso
1244 1853 1364 1884 tumulo

957 1900 1143 1932 Privaretur

1003 1949 1067 1979 tam
1094 1946 1179 1978 dulci
1204 1947 1343 1987 speculo,

955 1995 1158 2027 Praedileoto

1003 2045 1067 2074 stat
1092 2050 1161 2073 cum
1188 2042 1352 2085 discipulo,

955 2090 1089 2122 Plorans
1117 2089 1213 2121 corde

1001 2138 1100 2177 magis
1126 2145 1219 2176 quam
1243 2137 1350 2169 oculo:

882 2185 920 2218 V.
950 2184 1076 2216 Fletum
1101 2184 1188 2215 misit

1001 2232 1149 2264 adstante
1173 2232 1290 2271 populo

954 2279 1172 2311 Lacrimarum

1001 2326 1119 2358 fluente
1136 2326 1249 2358 rivulo.

1276 2379 1335 2408 10*
