1652 2615
675 124 717 129 -“
769 121 836 138 ,200
888 122 931 127 —

172 207 202 237 2.
228 203 432 237 Proficiscens
459 203 650 243 constipatur

279 251 411 291 Agmine
434 249 655 290 plangentium,

231 299 373 337 Dumque
397 298 501 329 tristes
527 296 713 332 consolatur,

278 344 427 376 Pervenit
450 343 489 375 ad
513 341 651 380 fluvium,

232 392 319 431 Quod
342 399 423 422 nunc
446 390 557 422 Senum
575 389 771 427 nuncupatur

282 438 413 476 Propter
437 436 520 467 senis
544 435 671 473 lotium3

164 485 200 516 V.
230 484 278 517 Ibi
303 491 397 514 senex
421 484 638 522 praesentatur

280 531 398 561 Curvus
424 537 480 567 per
506 527 700 566 decennium,

234 577 325 608 Unda
349 584 468 606 mersus
493 575 545 614 qui
572 578 697 605 curatur

278 623 315 654 111
340 623 508 660 conspectu
529 620 673 652 omnium.

176 681 206 711 ὅ.
235 680 361 717 Augens
385 677 473 709 lucra
498 677 729 708 commissorum

279 725 371 756 Sator
396 724 546 762 evangelii

234 771 427 803 Coelestinus
452 778 486 801 se
511 769 664 801 convertit

281 817 333 848 Ad
357 815 473 848 Forum
501 815 646 858 Cornelii,

238 863 324 895 Tabe
348 863 478 894 sordens
504 863 647 894 odiorum

284 910 388 949 Atque
414 909 509 941 caede
531 908 654 950 proelii,

165 957 207 990 V.
236 955 398 989 Unitatem
424 956 558 987 suadens
581 964 702 986 morum

286 1003 377 1034 Pacis
404 1005 434 1033 et
458 1002 562 1034 solatii

238 1049 359 1084 Clausit
384 1049 449 1080 vias
473 1050 672 1087 peccatorum

287 1093 463 1134 causasque
489 1094 621 1126 dissidii.

307 1235 407 1266 1113.
432 1234 654 1265 Nocturno.

381 1306 572 1342 Antiphon-ae.

185 1364 215 1395 1.
243 1363 306 1403 Spe
329 1363 494 1394 tendentes
522 1363 563 1394 ad
588 1365 716 1393 aeterna

290 1408 386 1440 Serva
411 1410 478 1440 sine
501 1409 632 1448 macula,

244 1455 428 1494 Coelestine‚
454 1455 508 1495 qui
533 1463 669 1494 superna

290 1501 372 1533 Colis
398 1502 608 1534 tabernacula.

185 1559 217 1589 2.
243 1557 411 1589 Voluntate
435 1558 589 1589 labiorum

288 1603 401 1636 Fretus
426 1603 521 1635 verbo
544 1604 673 1643 gratiae,

242 1650 353 1683 Finem
381 1650 606 1682 desideriorum

291 1696 399 1728 Cernis
426 1705 530 1736 regem
555 1697 684 1736 gloriae.

189 1754 219 1786 3.
246 1753 385 1785 Caritate
410 1752 587 1784 conclavari

288 1798 354 1830 Fac
378 1808 435 1830 nos
460 1801 535 1832 Jesu
561 1799 678 1830 nomini

240 1846 298 1884 Tu,
325 1846 377 1885 qui
402 1846 520 1885 gaudes
547 1845 694 1877 collocari

289 1892 399 1923 Monte
421 1895 529 1924 sancto
554 1892 690 1924 Domini.

376 1966 579 2001 Responsoria.

183 2023 212 2055 1.
236 2022 318 2054 Dum
344 2022 486 2054 caelestis
513 2021 692 2054 foeneratur

285 2068 376 2100 Plebi
401 2069 514 2108 dogma
537 2069 675 2107 seminis,

240 2116 429 2147 Trucidatus
459 2118 646 2155 apportatur

288 2162 316 2192 A
344 2162 464 2201 collega
489 2162 602 2201 socius,

243 2210 316 2241 Cum
343 2218 402 2249 quo
428 2211 532 2240 tentus
555 2211 775 2249 praesentatur

284 2256 405 2288 Auctor
430 2255 510 2288 tanti
533 2256 688 2296 criminis;

174 2304 210 2336 V.
240 2303 333 2335 Facti
359 2311 451 2336 causa
477 2304 645 2336 ventilatur

285 2350 372 2390 Lege
396 2350 453 2382 sub
480 2351 641 2396 examinis,

896 197 999 231 Furor
1021 197 1123 237 plebis
1150 196 1307 228 excitatur

945 245 998 276 Ad
1022 244 1193 276 vind-ictam
1221 241 1391 281 sanguinis.

840 331 873 361 2.
899 327 1096 360 Coelestinus
1127 327 1310 359 concionem

946 374 1117 406 Advocans
1142 373 1332 412 alloquitur:

900 421 981 459 Quid
1004 420 1086 452 lucri
1112 428 1169 459 per
1194 419 1342 450 talionem

944 466 1122 499 Defunctus
1148 466 1327 505 assequitur
1337 463 1355 494 ‘.·¹

901 513 984 545 Num
1008 522 1067 552 per
1092 513 1139 544 rei
1164 512 1342 552 passionem

949 560 1047 591 Vivus
1066 559 1271 591 restituitur?

837 608 870 641 V.
902 608 1000 640 Juxta
1025 606 1143 638 Christi
1166 605 1320 637 rationem

949 654 1119 685 Dimittens
1144 652 1323 690 dimittitur,

904 700 957 740 Et,
982 700 1035 739 qui
1061 700 1184 739 quaerit
1208 699 1370 737 ultionem,

950 748 1035 779 Reus
1060 745 1269 778 constituitur.

997 888 1041 919 ln
1068 886 1298 919 Laudibus.

1058 960 1251 994 Antiphonae.

853 1019 882 1049 1.
909 1019 1109 1050 Pei-lustrans
1133 1017 1349 1049 Mediolanum

954 1064 1115 1095 Doctrinis
1142 1064 1328 1096 caelestibus

910 1111 1026 1143 Pandit
1048 1111 1110 1142 iter
1134 1111 1217 1142 vitae
1241 1111 1369 1149 planum

956 1157 1119 1196 Propulsis
1143 1157 1338 1189 haeresibus

854 1243 885 1274 2.
910 1240 1107 1281 Eutychetis,
1133 1241 1275 1280 Arriani,

957 1287 1137 1318 Manichaei
1163 1287 1252 1319 varia

910 1333 1105 1364 Documenta
1128 1333 1244 1372 probat
1268 1334 1340 1365 vani

959 1380 1070 1412 Cultus
1095 1381 1275 1413 seminaria.

855 1465 886 1496 3.
913 1463 1097 1496 Reformato
1122 1464 1198 1496 cleri
1223 1467 1307 1496 statu

959 1512 1008 1542 Ac
1032 1510 1134 1549 plebis
1160 1512 1315 1543 Aemiliae

913 1557 1045 1589 Romam
1069 1557 1154 1588 redit
1178 1568 1197 1589 a
1222 1558 1343 1590 bimatu

959 1604 1118 1635 Florentis
1145 1604 1304 1636 eeclesiae.

855 1690 886 1721 4.
916 1688 1028 1729 Verbo,
1056 1689 1131 1726 vita,
1157 1690 1278 1728 pietate

960 1734 1069 1767 Virum
1096 1744 1190 1776 agens
1216 1737 1365 1768 caelicum

908 1782 1060 1813 Invocata
1088 1782 1232 1814 trinitate

958 1828 1056 1860 Sanat
1079 1829 1291 1869 paraliticum.

854 1913 885 1944 5.
913 1912 999 1944 Petri
1025 1914 1117 1945 sedes
1145 1914 1218 1945 dum
1245 1915 1375 1947 orbatur

957 1959 1071 1991 Sancto
1098 1959 1274 2002 Bonifacio‚

913 2005 1107 2038 Coelestinus
1133 2007 1321 2040 sublimatur

957 2054 1083 2086 Summo
1110 2055 1301 2087 sacerdotio.

1027 2145 1073 2172 Ad
1088 2145 1270 2174 Benedictus.

840 2212 879 2245 A.
910 2211 1084 2244 Benedicta
1110 2213 1152 2244 sit
1176 2213 1275 2246 divini

957 2259 1099 2291 Nominis
1126 2260 1236 2303 gloria,

913 2304 1006 2345 Cujus
1034 2306 1114 2338 dono
1139 2306 1310 2341 Coelestini

957 2352 1067 2385 Floret
1092 2356 1254 2395 memoria,
