1652 2615
731 144 986 181 —137—

218 237 250 270 2.
277 235 388 268 Fletus
413 247 472 270 nec
495 248 559 271 non
584 241 718 280 gemitus

323 283 382 315 tibi
408 286 473 325 dat,
498 285 615 329 Maria,

276 330 439 363 Scandens
465 333 567 364 crucis
592 333 737 365 arborem

322 383 377 409 tua
401 380 509 417 proles
534 380 598 422 pia,

275 425 396 457 Pedum
422 429 518 466 atque
541 436 689 459 manuum

322 476 471 505 manante
496 483 609 505 cruore

274 519 365 550 Intra
388 522 473 552 tuam
499 521 633 553 animam

318 565 427 605 figeris
454 568 573 599 dolore.

233 638 239 644 .
271 612 383 652 Nobis,
412 614 510 654 virgo,
536 614 634 646 filium

319 668 416 699 prece
438 660 489 692 fac
513 661 693 701 benignum,

273 706 331 745 Qui
356 715 415 746 pro
440 708 532 739 nobis
557 710 662 739 tentus
685 710 733 739 est

317 763 415 793 super
440 755 542 786 erucis
566 755 695 794 lignum.

239 844 245 849 .
273 819 356 850 Dum
380 819 413 850 in
438 821 534 852 ramis
558 820 693 852 moritur

320 866 423 898 crucis
448 876 525 899 vera
547 868 624 909 vita,

269 913 359 944 Tunc
383 917 428 954 tu,
455 915 553 956 virgo,
580 914 719 946 laederis

317 960 413 992 corde
437 964 491 993 tuo
515 962 571 1001 ita⁷

267 1007 358 1046 Quod
383 1007 442 1039 tibi
465 1017 544 1047 prae
568 1007 697 1039 fremitu

315 1057 382 1085 vita
407 1054 576 1095 effugisset,

265 1100 299 1132 Si
323 1103 356 1131 te
381 1103 453 1133 tuus
479 1101 561 1133 filius

312 1156 393 1179 mori
417 1149 623 1188 permisisset.

227 1218 233 1225 .
263 1193 364 1233 Luna,
391 1196 439 1227 sol
464 1199 495 1226 et
520 1195 624 1226 omnia

310 1245 426 1280 parant
454 1251 489 1273 se
513 1250 665 1280 maerere,

263 1287 398 1319 Planctu
421 1292 455 1320 te
477 1288 653 1320 miserrimo

312 1343 381 1365 cum
406 1335 560 1367 videbant
582 1333 669 1367 flere.

324 1486 370 1517 In
397 1487 428 1520 3.
454 1486 682 1518 Nocturno.

393 1588 590 1625 Antiphonae.

222 1681 229 1687 .
257 1655 346 1686 Inter
373 1659 492 1695 gentes,
521 1655 628 1694 dicite,

305 1702 461 1734 Dominus
485 1702 641 1742 regnavit,

259 1749 363 1789 Super
386 1749 472 1789 ligno
498 1749 620 1789 positus

301 1804 377 1828 vere
401 1796 585 1837 exspiravit,

256 1845 356 1884 Quod,
384 1852 402 1875 o
427 1844 516 1884 virgo
542 1843 710 1884 virginum,

302 1895 389 1924 tuum
416 1900 471 1923 cor
495 1891 646 1926 turbavit,

218 1983 226 1990 .
253 1958 451 1990 Nuntiarnnt
476 1958 604 1997 caelica,

298 2006 399 2046 virgo,
426 2009 514 2037 tuum
539 2006 713 2045 planctum,

251 2052 406 2085 Nolentes
431 2054 599 2094 adspicere

298 2104 386 2132 tuum
415 2103 526 2133 natum
550 2104 695 2134 sanetum

249 2148 326 2180 Tam
353 2149 387 2180 in
414 2157 507 2181 cruce
534 2149 658 2181 duriter

297 2205 317 2227 a
341 2195 474 2228 Judaeis
498 2198 637 2228 anctum.

214 2287 222 2294 .
249 2262 451 2294 Recordatur
474 2262 630 2294 Dominus

298 2317 375 2342 suae
398 2310 539 2350 pietatis,

248 2355 334 2387 Dum
356 2365 414 2387 nos
438 2357 528 2389 lavat
552 2357 684 2388 crim-ine

293 2411 380 2434 mors
405 2403 621 2442 humanitatis,

957 242 1055 281 Quam
1081 241 1121 274 de
1144 244 1219 273 tuae
1242 240 1381 272 thalamo

1002 290 1135 328 sumpsit
1156 289 1320 320 castitatis

1090 383 1296 414 Responsoria.

924 465 930 471 .
956 439 1023 471 Nos
1048 440 1090 470 ad
1111 448 1235 471 erucem
1259 438 1386 470 Domini

1001 489 1119 518 stamus
1146 495 1214 518 cum
1239 486 1367 528 honore,

955 533 1040 565 Dum
1063 534 1159 565 matri
1184 533 1390 572 compatimur

1001 580 1070 612 nati
1092 589 1171 621 prae
1196 580 1321 619 dolore3

955 628 1090 659 Tantum
1120 628 1203 666 quod
1227 628 1259 658 in
1284 628 1410 659 nomine

1000 682 1075 705 suae
1098 674 1254 714 passionis

952 721 1135 752 Devitemus
1160 721 1293 753 scoriam

1001 768 1102 806 turpis
1127 768 1269 809 actionis,

913 842 920 849 .
950 815 997 846 Te
1021 814 1156 846 Mariam
1184 815 1331 855 petimus,

998 863 1137 893 nostram
1162 862 1359 902 advocatam,

950 909 995 941 Ut
1020 908 1060 939 de
1083 909 1173 948 prole
1197 908 1329 948 gratiam

995 954 1080 986 feras
1105 955 1311 995 adspiratam.

1088 1057 1295 1092 Responsoria.

915 1150 921 1157 .
948 1123 1056 1165 Virgo,
1083 1127 1185 1154 mater
1208 1123 1347 1162 Domini,

993 1169 1063 1200 sola
1092 1170 1271 1209 singularis,

945 1216 1018 1247 Stas
1045 1216 1086 1247 ad
1114 1225 1235 1247 crucem
1260 1215 1334 1256 filii;

994 1265 1029 1293 tu
1053 1271 1086 1293 es
1111 1263 1269 1305 salutaris,

948 1309 1044 1349 Cujus
1070 1310 1142 1341 altis
1167 1310 1288 1341 meritis

989 1357 1094 1388 nullus
1120 1360 1168 1388 est
1192 1357 1341 1400 aequalis,

941 1402 1042 1445 Virgo
1066 1407 1168 1435 mater
1190 1404 1320 1435 insimul

989 1451 1057 1482 sola
1081 1451 1283 1490 nuncuparis.

902 1523 909 1530 .
939 1498 1007 1529 Nos
1031 1497 1088 1528 sub
1114 1498 1287 1537 capitaneis

990 1545 1092 1576 erucis
1119 1546 1294 1584 computari

941 1591 1034 1632 Juva,
1067 1595 1169 1624 mater
1193 1592 1331 1635 Domini,

992 1642 1046 1670 tuo
1072 1639 1249 1679 deprecari.

906 1721 913 1728 .
939 1695 1059 1726 Demus
1083 1704 1191 1727 omnes
1216 1695 1335 1735 gratias

986 1744 1099 1773 nostro
1119 1743 1326 1782 redemptori,

940 1789 1035 1821 Suam
1061 1790 1114 1828 qui
1139 1790 1304 1821 constituit

985 1838 1120 1867 matrem
1148 1837 1320 1876 peccatori,

937 1883 983 1915 Ut
1005 1892 1063 1915 nos
1087 1886 1245 1924 tamquam
1271 1883 1352 1916 filios

983 1931 1088 1962 solens
1115 1932 1277 1971 adjuvare,

937 1979 1015 2010 Post
1040 1987 1186 2010 excessus
1213 1978 1329 2011 debeat

982 2026 1070 2065 patri
1093 2025 1285 2067 reformare3

935 2073 1001 2105 Nos
1026 2073 1173 2114 indignos
1196 2073 1279 2106 filios

984 2129 1067 2160 ergo,
1091 2122 1239 2164 omnipia,

936 2168 975 2200 In
1001 2170 1141 2200 extremo
1166 2172 1299 2209 protege

985 2215 1025 2247 de
1048 2224 1142 2248 saevo
1168 2215 1270 2249 Golia.

864 2263 902 2296 V.
932 2263 1072 2302 Propter
1098 2264 1145 2294 tui
1166 2262 1223 2294 filii

981 2310 1110 2341 nimiam
1132 2310 1311 2349 passionem

934 2357 1035 2389 Nobis
1060 2358 1122 2388 tuis
1146 2356 1280 2388 servulis

983 2405 1024 2436 da
1050 2404 1262 2437 dileetionem.
