1652 2615
679 139 911 175 ⁸21.-

348 229 553 266 Responsoria.

159 274 188 308 1.
213 278 323 317 Agnus
350 279 419 311 sinc
441 281 565 313 macula

214 324 378 358 Mundana
402 326 530 365 piacula

263 372 436 405 vulnerum
461 382 572 406 cruore

214 418 355 459 Tergens
379 420 585 454 tabernacula

215 464 303 497 Coeli
326 467 405 499 fecit
427 469 538 506 pervia

258 512 424 553 Flagranti
449 523 564 547 amore.

143 559 184 592 V.
214 557 271 591 Ad
282 560 391 592 Deum
404 561 543 594 accedite
556 564 585 594 eb
595 562 761 595 ‘illumina-

210 605 312 650 mini,
349 609 379 639 et
410 607 511 647 facies
543 612 665 642 vestrae
696 620 763 643 non

211 654 458 693 confundentur.

152 710 184 741 2.
209 709 295 741 Mira
318 710 522 750 providentia

208 756 291 788 Diva
315 758 474 797 sapientia

254 803 401 843 Domum,
427 813 517 844 quam
543 804 700 846 fundavit,

208 849 259 881 Ex
283 852 385 890 gentis
409 852 531 884 malitia

209 896 370 929 Praesidis
395 898 509 931 militia

253 944 379 985 Flagris
405 947 591 980 cruentavit.

135 990 173 1021 V.
203 990 293 1022 Lana
318 992 436 1024 munda
458 992 592 1032 tingitur

254 1037 415 1078 Sanguine
440 1040 575 1079 concilii,

205 1083 288 1115 Dum
312 1083 445 1125 flagellis
474 1086 609 1126 cingitur

253 1130 334 1163 Caro
357 1132 419 1163 Dei
443 1130 511 1164 filii.

145 1188 176 1220 3.
204 1185 308 1218 Stolas
332 1188 457 1228 tingunt
479 1190 646 1230 martyreS,

202 1232 307 1265 Genas
332 1235 467 1274 pingunt
491 1235 627 1275 virgines

247 1282 285 1313 In
310 1282 383 1321 agni
408 1290 528 1321 cruore,

199 1327 250 1359 Ex
274 1327 414 1360 fontibus
439 1329 602 1361 vulnerum

199 1374 395 1407 Debriantur
421 1376 588 1414 plurimum

245 1423 360 1462 Angeli
387 1422 525 1456 dulcore.

126 1469 166 1501 V.
195 1469 248 1500 Ad
272 1469 434 1502 Christum
457 1470 610 1510 accedite,

196 1516 318 1548 Mundo
345 1517 441 1548 corde
464 1516 563 1548 bibite

243 1564 394 1596 Poculum
417 1563 537 1595 salutis.

255 1649 302 1680 In
326 1651 357 1682 2.
383 1648 611 1683 Nocturno.

332 1713 527 1748 Antiphonae.

136 1762 167 1794 1.
192 1760 284 1792 Mare
308 1760 392 1794 fudit
415 1770 546 1793 aeneum

239 1808 387 1841 Salomon
408 1808 442 1840 in
467 1810 595 1850 templo,

190 1854 235 1887 Ut
258 1856 427 1888 mundetur
451 1857 615 1889 sordidum

236 1902 403 1944 Sanguinis
429 1904 584 1944 exemplo.

131 1962 161 1993 2.
190 1960 309 1993 Coccus
334 1961 383 1993 bis
409 1961 530 1993 cinctus

234 2011 283 2040 est:
307 2008 426 2042 Christi
442 2009 594 2049 sanguine
609 2009 735 2051 tinctus,

184 2056 243 2095 Qui
267 2057 377 2088 mortis
401 2056 544 2095 geminae

230 2104 357 2136 vincula
382 2103 462 2136 dura
486 2103 567 2136 tulit.

125 2163 156 2193 3.
184 2161 209 2192 Ο
235 2160 329 2192 beata
352 2160 448 2192 latria

183 2207 310 2247 Christi,
337 2217 395 2248 per
420 2216 513 2247 quam
536 2207 643 2248 patria

227 2256 315 2288 Coeli
345 2258 516 2298 reseratur,

180 2302 205 2334 Ο
230 2304 397 2342 praeclara
421 2303 563 2346 vulnera,

181 2348 280 2390 Clavi,
306 2351 407 2391 spina,
431 2351 553 2391 lancea,

226 2399 288 2431 Per
313 2408 393 2439 quae
418 2399 484 2429 vita
510 2399 615 2432 datur.

1031 237 1236 273 Responsoria.

839 303 869 336 1.
897 305 1000 337 Hoedi
1028 304 1129 337 tincta
1155 307 1305 347 sanguine

940 352 1061 383 Tunica
1083 352 1195 384 talaris

893 397 954 430 Est
978 398 1099 430 cruoris
1123 400 1260 439 unguine

943 445 1023 477 Caro
1047 446 1194 477 salutaris

891 492 1070 531 Purpurata
1094 493 1203 532 stipite

938 538 1027 571 Sacri
1051 540 1229 575 torcularis.

821 583 860 615 V.
884 586 1043 617 Τονοαῖαν
1067 585 1187 618 calcavi
1210 588 1314 627 solus,
1347 592 1375 620 et
1404 590 1441 621 de

889 632 1034 671 gentibus
1057 642 1126 664 ozon
1150 635 1194 665 est
1216 634 1266 665 vir
1288 643 1422 667 mecum.

831 707 862 739 2.
890 706 1055 747 Templum
1075 707 1271 740 tabernaculi

935 754 1070 793 pellibus
1096 756 1233 794 caprinis

887 800 1068 832 Rubricatis
1093 802 1209 841 tegitur

933 851 1027 887 atque
1047 848 1242 891 Jacinthinis‚

885 893 937 925 Sic
967 895 1095 926 verbum
1120 895 1266 927 altissimi

932 942 1095 973 vulnerum
1118 943 1250 973 sentinis

884 985 1098 1026 Purpuratum
1124 997 1255 1027 corpore

932 1034 1070 1074 protegit,
1092 1034 1133 1066 ab
1156 1036 1239 1068 imis.

813 1079 854 1110 V.
887 1078 949 1112 Cui
972 1079 1133 1112 diaeimus:
1155 1082 1214 1113 sub
1238 1082 1353 1114 umbra
1374 1085 1432 1115 tua

881 1126 1020 1159 vivemus
1043 1126 1081 1157 in
1102 1128 1258 1167 yentibus.

823 1201 853 1232 3.
882 1200 1023 1233 Christus
1049 1201 1230 1234 vulneratus
1254 1206 1303 1234 est

926 1258 985 1288 pro
1005 1249 1121 1280 nostris
1145 1250 1295 1290 peccatis,

881 1296 943 1327 Pro
967 1295 1077 1327 mundi
1101 1296 1273 1329 sceleribus

922 1343 1049 1374 attritus
1074 1345 1122 1373 est
1145 1344 1262 1385 gratis3

878 1388 902 1420 O
925 1389 1056 1429 insignis
1081 1390 1193 1430 gratia,

921 1436 1021 1467 honor
1044 1435 1201 1468 libert-atis

875 1483 1040 1514 Immolato
1062 1481 1127 1514 filio

921 1530 1006 1561 redit
1032 1530 1237 1563 venumdatis

806 1576 839 1607 V.
870 1575 896 1608 Ο
919 1576 1166 1609 inaestimabilis
1191 1577 1316 1610 dilectio
1338 1579 1422 1610 eari-

870 1623 963 1662 tatis,
1004 1626 1041 1656 ut
1074 1632 1200 1656 servum
1237 1625 1417 1669 redimeres,

870 1670 975 1709 filium
998 1670 1172 1703 tradidisti.

931 1819 977 1851 In
1003 1822 1034 1853 3.
1060 1819 1286 1854 Nocturno.

1008 1913 1202 1949 Antiphonae.

809 1992 839 2023 1.
867 1990 1056 2035 Vulnerasti,
1083 1999 1208 2032 sponsa,
1234 2000 1337 2024 meum

912 2038 974 2070 Cor
997 2038 1113 2070 amoris
1133 2039 1239 2078 ‚iaculo

861 2085 992 2125 Taliter,
1019 2088 1055 2117 ut
1077 2094 1136 2125 pro
1161 2089 1193 2117 te
1218 2087 1319 2118 crucis

910 2132 977 2165 Sim
1002 2132 1116 2165 affixus
1139 2133 1263 2166 baculo.

804 2210 835 2241 2.
862 2207 983 2248 Sponse
1009 2208 1110 2241 dulcis
1136 2209 1263 2249 deitate,

859 2255 1009 2288 Floribus
1034 2255 1220 2295 humilitate,

861 2303 1032 2335 Vulnerate
1057 2303 1199 2343 caritate,

860 2350 992 2390 Quaeso,
1018 2350 1095 2382 mihi
1121 2351 1182 2390 dic,
1209 2353 1321 2393 amate,

906 2398 970 2430 Ubi
995 2401 1027 2429 te
1051 2397 1232 2436 reperiam?
