1652 2615
669 123 927 157 —269—

164 215 194 246 3.
221 214 396 246 Romanam
420 217 616 255 provinciam

274 270 345 293 cum
368 263 434 294 suis
458 264 601 304 vallavit,

226 307 421 340 Praedicans
450 310 611 343 miraculis

275 355 402 394 plebem
426 356 609 390 illustravit.

168 413 202 443 4.
228 411 414 444 Interannis
440 412 593 445 Proculus

276 463 405 497 praeest
429 459 479 491 vir
503 461 626 504 beatus,

230 504 294 537 Sed
320 507 448 538 tandem
473 507 635 540 Bononiae

275 555 398 592 martyr
425 558 634 588 consecratus.

171 610 201 641 5.
229 608 386 649 Fulgebat
411 610 572 643 miraculis

275 658 418 688 mortuus
444 660 473 687 et
499 658 600 697 vivus,

231 702 320 734 Nulli
346 702 405 734 fuit
430 703 612 745 displicens,

276 750 395 782 nemini
417 751 559 784 nocivuS.

173 808 204 840 6.
231 806 330 838 Duxit
357 806 593 839 daemoniacum

280 854 354 885 huic
378 854 592 887 Herentianus

234 901 362 939 Natum,
389 902 491 933 sancti
514 901 663 941 precibus

283 949 337 988 qui
361 949 467 980 statim
497 948 555 980 fuit
578 957 683 980 sanus.

370 1032 577 1067 Responsoria.

165 1089 194 1120 1.
222 1087 430 1121 Gratulentur

280 1144 370 1167 senes
396 1139 427 1167 et
452 1136 560 1175 populi

234 1183 272 1216 In
297 1183 417 1215 honore

280 1230 365 1261 beati
389 1230 527 1269 Proculi,

231 1276 326 1316 Legis
351 1276 414 1308 Dei

278 1322 430 1355 ferventis
456 1323 589 1363 aemuli3

162 1370 199 1401 V.
229 1370 358 1402 Festum
384 1380 506 1403 sacrum

281 1418 385 1450 clerus
410 1420 442 1449 et
465 1417 576 1457 populi

235 1464 349 1497 Colant
375 1464 494 1497 Christi

282 1510 385 1543 felicis
410 1511 530 1543 famuli.

177 1570 208 1602 2.
234 1568 331 1601 Pellit
354 1568 394 1600 ab
419 1568 530 1600 insano

282 1615 377 1648 Satan
402 1623 493 1648 sacer
517 1616 723 1656 Herentiano,

232 1662 288 1695 Fit
311 1671 409 1702 prece
434 1665 562 1695 curatus

282 1711 384 1742 sancti
413 1711 463 1742 vir
486 1711 589 1750 primo
612 1710 740 1751 ligatus,

237 1757 381 1790 Christus
406 1758 589 1799 honoratur,

283 1806 356 1837 dum
366 1806 429 1838 Pro
433 1805 521 1836 culus
530 1806 611 1837 haec
619 1806 769 1845 operatur
779 1813 788 1842 ·,

166 1853 203 1886 V.
235 1852 347 1897 Caeca,
374 1852 458 1892 quod
482 1852 642 1893 implorat,

280 1900 394 1941 cernit,
421 1901 497 1932 dum
520 1897 572 1932 vir
595 1907 686 1931 sacer
707 1901 788 1931 orat.

178 1960 208 1991 3.
235 1957 319 1990 Dum
345 1960 452 1988 oraret

281 2005 315 2036 in
339 2005 404 2036 imo
430 2005 578 2043 carceris,

235 2051 406 2085 Liberator

282 2100 370 2132 venit,
395 2100 436 2131 de
459 2098 584 2139 superis

232 2147 328 2180 Hunc
352 2147 529 2179 dissolvens

283 2204 352 2228 cum
378 2194 497 2226 sanctis
523 2195 656 2233 cete11s;

163 2244 201 2276 V.
233 2241 337 2275 Nocte
359 2242 449 2274 venit

283 2290 413 2330 angelus
438 2289 565 2321 luminis

235 2336 359 2369 Vinctis
384 2337 484 2369 verba

285 2384 393 2416 dicens
415 2381 591 2417 solaminis.

971 219 1015 251 In
1040 220 1070 252 2.
1099 219 1323 250 Nocturno.

1046 301 1242 338 Antiphonae.

852 371 883 403 1.
908 370 1069 411 Quaedam
1091 370 1131 401 ab
1155 368 1292 401 infantia

955 416 1075 449 scabris
1101 420 1268 448 excaecata

912 465 1021 497 Sancti
1048 462 1125 495 fusis
1151 464 1296 502 precibus

958 514 1007 542 est,
1029 510 1214 542 illuminata.

853 570 885 600 2.
910 567 993 599 Huic
1017 570 1111 606 atque
1135 567 1247 598 ceteris

958 615 1086 654 angelus
1110 613 1215 645 illuxit

911 661 1045 701 Vinctis,
1070 670 1147 700 quoe
1171 669 1190 691 a
1216 668 1342 691 carcere

959 708 1054 739 solvit
1077 710 1109 738 et
1133 707 1251 741 eduxit.

855 766 884 798 3.
911 764 1025 796 Morbo
1050 763 1236 804 paralytico,

960 814 1086 842 sanctus
1111 814 1147 842 ut
1170 811 1327 849 precatur,

914 858 1075 890 Laborans
1103 858 1253 889 decennio

965 904 1116 944 quaedam
1143 903 1307 936 liberatur.

1049 998 1256 1033 Responsoria.

857 1067 887 1098 1.
914 1065 977 1098 Hic
1000 1065 1123 1104 surdos,
1149 1066 1261 1102 mutos,

961 1111 1014 1142 hic
1039 1120 1147 1142 caecos
1174 1114 1264 1142 curat
1288 1112 1320 1141 et
1342 1117 1453 1149 aegros

913 1159 957 1190 Et
981 1166 1077 1197 super
1101 1156 1237 1189 afflictos

961 1208 1071 1245 pastor
1093 1205 1147 1244 pia
1171 1204 1294 1235 viscera
1317 1203 1424 1245 gessit,

844 1253 880 1287 V.
914 1252 1052 1286 Grandis
1088 1254 1154 1282 erat
1179 1250 1294 1290 meriti,

962 1298 1090 1330 Domini
1115 1299 1173 1330 lux
1195 1297 1306 1329 inclita
1329 1297 1419 1337 legis.

855 1359 885 1390 2.
912 1358 1008 1397 Quem
1033 1358 1160 1387 accusat

963 1404 1123 1435 detractor
1146 1402 1283 1441 invidus,

915 1452 1019 1490 Prope
1043 1449 1156 1481 missus

965 1499 1096 1529 excusat
1118 1497 1260 1536 angelus,

918 1545 1002 1578 Hinc
1025 1546 1172 1584 placatur

960 1595 1066 1624 motus
1091 1591 1272 1631 Eugenius3

845 1641 883 1675 V.
913 1640 1060 1680 Mulgens
1088 1646 1210 1669 cervam

962 1690 1072 1727 potum
1097 1685 1260 1717 sodalibus

918 1736 993 1768 Pius
1017 1735 1110 1773 pater

967 1782 1022 1813 dat
1045 1778 1236 1813 sitientibus

981 1905 1028 1937 In
1054 1905 1085 1938 3.
1110 1903 1341 1934 Nocturno.

1060 1988 1105 2016 Ad
1129 1988 1259 2016 Cantica.

848 2048 889 2080 A.
921 2049 991 2086 Ore,
1020 2046 1117 2079 corde
1140 2048 1173 2077 te
1197 2053 1352 2085 rogamus,

921 2095 1017 2133 Cujus
1041 2093 1153 2126 laudes
1179 2093 1388 2124 decantamus.

921 2143 1021 2182 Opem
1045 2144 1130 2173 tuam
1155 2140 1337 2179 sentiamus,

966 2189 1024 2221 Pie
1048 2191 1141 2229 pater
1165 2185 1308 2224 Procule,

921 2237 994 2269 Dux
1020 2239 1051 2267 et
1065 2237 1185 2275 pastor,
1211 2240 1321 2264 norma
1338 2240 1469 2272 morum,

922 2286 984 2317 Pro
1011 2282 1141 2321 collegio
1167 2283 1291 2311 tuorum

921 2330 1090 2367 Christum,
1113 2335 1219 2368 regem
1244 2326 1450 2364 saeculorum,

968 2376 1145 2417 Interpella
1169 2374 1289 2408 sedule.
