1652 2615
301 202 349 234 In
374 205 405 235 2.
433 203 663 236 Nocturno.

387 284 582 321 Antiphonae.

187 351 217 386 1.
245 353 364 385 Ornata
387 352 447 384 Dei
472 354 576 393 gratia

294 400 403 431 Proles
429 403 504 432 tunc
528 402 615 440 parit
639 403 716 445 Deo,

244 446 363 486 Quibus
388 448 483 479 struit
510 449 662 481 coenobia

294 493 383 525 Luxu
409 495 529 527 calcato
555 505 618 528 reo.

190 553 221 582 ⁴.
248 550 391 582 Edoctae
416 560 475 590 per
499 553 703 592 Jeronymum

294 598 362 629 Deo
388 598 517 630 vivendi
547 609 700 637 normam,

243 645 350 677 Mater
375 647 407 676 et
429 645 634 679 Eustochium

293 692 462 724 Sororibus
489 693 565 724 dant
591 692 733 726 formam.

189 752 220 781 ⁴.
249 748 420 780 Commune
446 749 553 780 volens
578 749 742 788 proprium

294 796 371 827 Plus
397 796 496 828 Paula
520 796 601 827 vitat
623 799 726 827 morte

246 843 396 875 Sororum
421 843 490 874 vult
516 843 699 875 coenobium

290 890 392 922 Maris
419 899 527 922 carere
550 895 646 924 sorte.

378 975 585 1009 Responsoria.

210 1066 216 1073 .
246 1042 367 1081 eorpus
394 1041 549 1073 domando
576 1044 669 1073 tenue

290 1088 411 1121 Reddit
437 1089 612 1127 spirituale,

244 1136 347 1168 Vitam
374 1136 513 1175 regendo
539 1138 666 1167 strenue

290 1183 345 1214 Nil
370 1183 436 1222 agit
461 1183 631 1224 criminale,

242 1231 306 1262 Per
331 1230 422 1270 hanc,
451 1230 538 1269 Jesu,
565 1238 621 1261 nos
647 1238 749 1261 annue

288 1276 463 1317 Despicere
487 1277 638 1315 mortale,

203 1350 209 1357 .
243 1324 309 1356 Nos
336 1324 454 1356 Paulae
478 1333 593 1363 magna
615 1323 730 1355 merita

244 1370 430 1403 Gubernent
454 1373 549 1410 atque
572 1371 692 1410 placita

291 1419 420 1450 Donent
442 1420 516 1457 post
541 1418 724 1457 temporale.

184 1479 214 1509 ‘.
243 1475 372 1513 Carnes,
399 1474 512 1513 pisces,
538 1474 706 1514 legumina,

241 1522 317 1565 Mel,
347 1522 464 1560 vinum,
492 1524 604 1552 cuncta
628 1521 742 1560 sapida

243 1569 375 1603 Devitat
397 1569 486 1600 velut
508 1568 642 1600 crimina

290 1617 400 1658 Paula,
428 1616 578 1647 virtutum
603 1616 776 1655 speculum,

242 1664 384 1697 Psalmos
409 1665 517 1702 legens
542 1665 574 1694 et
595 1663 730 1702 codices,

240 1712 357 1744 Preces
382 1710 519 1744 fundens
544 1710 745 1749 multiplices,

243 1759 297 1790 Sic
321 1767 394 1790 suas
422 1758 514 1789 docet
539 1758 708 1796 complices

288 1806 416 1838 Bellare
442 1813 536 1837 carne
560 1806 737 1844 saeculum;

201 1878 207 1885 .
242 1852 390 1886 Collectis
419 1852 609 1884 monialibus

241 1901 448 1933 Demonstrat
475 1902 507 1931 et
530 1900 693 1932 sodalibus

288 1948 399 1980 Hostis
425 1947 527 1979 vitare
551 1947 716 1987 spiculum.

205 2032 211 2038 .
240 2005 388 2037 Adversa
411 2004 585 2044 patientiae

286 2052 412 2084 Munita
436 2052 515 2084 vicit
537 2053 626 2083 scuto

240 2100 416 2140 Mundique
442 2099 690 2140 complacentiau

285 2148 387 2179 Laeta
412 2147 584 2179 contemnit
607 2147 682 2184 luto,

240 2196 281 2226 Se
305 2196 405 2227 solum
430 2195 499 2227 vult
520 2194 662 2228 laetitiae

285 2242 370 2274 Loco
394 2243 502 2276 locare
526 2245 604 2281 tuto,

197 2317 204 2323 .
234 2290 479 2324 Transcendens
504 2290 743 2324 sanctimoniam

237 2338 416 2370 Prosternit
441 2338 551 2370 mundi
575 2337 708 2377 gloriam

284 2384 378 2417 Stans
402 2385 491 2418 vanis
517 2394 573 2417 ore
596 2387 692 2417 muto.

791 131 858 147 “UO
908 131 951 135 ——'

979 208 1025 239 In
1053 209 1084 240 3.
1109 206 1338 237 Nocturno.
1370 225 1373 228 -

1069 289 1263 325 Antiphonae.

870 360 897 389 l.
926 358 1024 389 Paula
1048 358 1150 389 nitens
1173 356 1347 397 virginibus

971 405 1035 436 Dat
1058 413 1199 436 normam
1225 403 1390 436 castitatis.

925 452 1039 484 Orbem
1066 452 1169 490 replet
1192 451 1360 482 luminibus

972 498 1043 530 Jam
1067 498 1160 530 stella
1185 497 1370 529 sanctitatis.

866 558 898 585 μ’.
928 555 1001 585 Vias
1027 556 1209 586 cunctorum
1236 554 1337 586 deviis

971 601 1087 633 Paulae
1111 601 1277 640 reprendit
1300 601 1375 640 vita,

923 648 997 680 Vias
1023 649 1240 680 demonstrant
1261 648 1355 680 inviis

971 696 1088 727 Paulae
1111 694 1258 726 miranda
1283 695 1377 727 dicta.

865 753 894 783 ὃ.
922 750 974 781 Ad
1002 750 1203 782 sanctitatem
1228 750 1329 782 allicit

970 797 1149 830 Sceleribus
1176 797 1343 837 deformes,

922 845 1021 877 Paula
1044 846 1211 884 sequentes
1237 843 1335 876 efficit

969 892 1006 924 In
1031 891 1132 932 gloria
1157 891 1342 923 conformes.

1059 977 1264 1011 Responsoria.

866 1042 895 1074 1.
924 1043 1022 1074 Paula
1046 1045 1120 1082 post
1142 1042 1204 1073 iter
1228 1046 1365 1074 nemoris

973 1089 1117 1122 Castrum
1141 1089 1263 1120 invenit
1286 1089 1435 1129 gaudem,

924 1137 1001 1168 Post
1024 1136 1129 1168 febres
1155 1136 1247 1175 hujus
1273 1136 1424 1175 tempon's

969 1184 1108 1216 Salutem
1134 1185 1220 1214 tenet
1243 1184 1407 1222 plaudens,

921 1230 983 1270 En,
1009 1230 1104 1262 habet
1130 1232 1255 1268 portum
1280 1230 1423 1269 aequoris

969 1278 1062 1309 Diem
1087 1279 1261 1308 extremum
1287 1277 1453 1308 claudens·

853 1324 888 1356 V.
917 1325 1031 1357 Evasit
1053 1333 1137 1356 nunc
1161 1324 1304 1362 pericula

921 1372 1115 1411 Dierumque
1141 1371 1297 1403 curricula

967 1420 1115 1451 Polorum
1140 1426 1239 1458 regna
1263 1418 1428 1451 scandens.

864 1476 894 1506 2.
923 1474 1025 1508 Felix.
1053 1483 1145 1515 quam
1170 1475 1257 1506 sinus
1284 1474 1430 1509 caelicus,

922 1522 1008 1554 Ordo
1035 1530 1152 1554 canens
1177 1521 1346 1563 angelicus,

921 1569 1039 1601 Vultus
1064 1578 1187 1610 quoque
1212 1568 1343 1600 deificus

968 1615 1097 1649 Beatam
1123 1616 1279 1655 praebent
1302 1615 1447 1657 nimiu1n3

921 1663 1023 1702 Felix,
1051 1672 1130 1703 quae
1154 1672 1213 1702 pro
1239 1662 1373 1694 victoria

924 1710 1134 1743 Contemnens
1158 1710 1344 1741 transitoria

921 1759 1047 1790 Potitur
1071 1758 1167 1798 plena
1189 1757 1300 1797 gloria,

968 1805 1036 1838 Nec
1061 1809 1163 1837 terror
1188 1805 1269 1836 inest
1295 1805 1419 1837 virium.

850 1853 886 1884 V.
919 1852 1055 1885 Obtento
1080 1861 1164 1884 nunc
1190 1852 1318 1884 denario

917 1900 988 1932 Stat
1010 1901 1110 1933 Paula
1135 1899 1286 1931 viridario

971 1947 1193 1986 Contemplans
1219 1956 1306 1979 more
1332 1946 1456 1979 civium.

1016 2091 1059 2122 In
1087 2089 1310 2122 Laudibus.

1063 2175 1250 2211 *lutiphonae

866 2244 894 2277 1.
923 2244 1016 2277 Clare
1042 2243 1169 2275 chordis
1195 2245 1224 2273 et
1250 2242 1353 2273 animo

967 2291 1086 2323 Noster
1111 2289 1271 2320 exsultans
1297 2289 1411 2320 chorus

920 2339 974 2371 Ad
998 2338 1109 2370 laudes
1134 2336 1201 2376 regi
1226 2336 1363 2369 Domino

966 2386 1029 2418 Pro
1054 2384 1155 2419 Paula
1179 2384 1224 2415 sit
1244 2392 1386 2416 sonorus.
