1652 2615
739 151 993 185 —126—

446 244 479 271 R.
505 242 575 270 Cum
593 243 668 270 vidit
686 243 832 279 supplicia
849 244 940 279 prolis
960 246 1113 279 exquisita,

502 281 663 315 Torquctur
682 282 816 316 angustia
836 283 926 308 mater
945 281 1067 315 infinita,

506 318 652 344 Triduano
673 319 766 354 spatio
788 318 853 344 dum
873 318 1025 354 langueret
1044 321 1094 350 ita,

502 355 622 390 Squalct
641 356 701 390 ejus
721 355 809 382 facies
828 363 920 391 nuper
939 358 997 382 tam
1017 357 1118 391 polita.

443 392 477 419 V.
502 392 600 419 Poena
619 394 677 419 tam
699 400 871 427 exasperans
891 401 1039 427 nunquam
1058 394 1102 421 est
1121 392 1227 424 audita.⁷

500 429 599 464 Longe
619 431 646 456 ei
667 431 760 456 carior
780 438 855 456 mors
877 432 939 456 erat
959 438 1045 465 quam
1064 430 1134 457 vit-a.

224 485 305 512 Aueh
325 485 376 512 das
396 485 482 511 dritte
501 484 725 519 Responsorium
746 485 897 512 dei-selben
917 486 1046 512 Noeturn
1066 486 1105 512 ist
1124 485 1155 510 in
1177 483 1199 510 C
1219 485 1266 511 ein
1287 484 1420 510 anderes:

514 530 548 557 R.
575 531 688 559 Clamor
709 533 816 560 Christi
835 535 954 559 matrem
974 532 1123 568 angustiat

575 570 680 597 Nullus
700 570 831 605 planctus
851 570 1036 605 plangentem
1053 569 1150 600 satiat,

574 606 629 634 Est
649 609 764 642 utrique
782 615 894 634 summa
913 608 1082 642 compassio,

574 644 646 671 Nam
667 646 825 680 praecessit
844 653 955 672 summa
973 645 1098 672 dilectio.

516 681 550 707 V.
574 681 673 717 Agnus
693 684 771 709 mitis
792 685 878 718 caput
898 684 1044 709 excutiens

571 719 641 746 Heli
661 720 767 747 clamat
787 721 819 746 in
839 728 922 747 cruce
941 721 1074 753 moriens,

568 757 662 784 Mater
681 758 773 792 virgo,
794 766 857 784 cum
878 760 963 784 natus
983 758 1113 788 moritur,

568 794 613 821 Ad
633 794 785 822 clamorem
805 795 864 822 fere
885 796 1077 822 commoritur.

218 850 257 876 In
277 848 303 876 2.
323 851 421 878 Noct.
442 846 465 875 Α
488 848 514 882 1,
534 848 553 876 4
571 850 678 877 Filium
699 851 825 878 clamare
843 851 879 878 D.
898 865 935 869 —
957 849 976 876 R
997 849 1014 877 2
1034 850 1126 877 lautet
1144 851 1175 876 in
1196 849 1230 877 C:

457 897 491 923 R.
517 897 636 930 Qualem
656 897 757 931 dicam,
779 898 902 930 domina,
925 906 1046 933 poenam
1067 897 1220 933 pertulisti,

513 934 655 962 crucifixo
677 936 800 962 Domino
822 936 935 970 quando
956 938 987 962 tu
1007 935 1119 962 dixisti:

511 971 582 998 Noli
600 980 646 999 me
665 974 818 1008 superstite
841 973 920 1000 so1us
941 975 1059 999 mortem
1079 973 1148 1008 pati,

512 1009 586 1041 Fiat,
608 1017 724 1044 quaeso,
745 1010 848 1037 similis
868 1018 944 1037 mors
963 1011 1064 1037 matris
1085 1013 1114 1036 et
1133 1010 1208 1035 nati:

455 1045 490 1072 V.
514 1046 582 1073 Noli
606 1055 650 1073 me
669 1047 839 1083 relinquere,
863 1048 941 1081 Jesu,
963 1046 1005 1074 fili
1025 1048 1107 1079 bone⁷

510 1083 576 1116 Fac,
597 1086 630 1110 ut
649 1086 743 1111 tecum
762 1086 869 1112 moriar
889 1085 942 1112 tali
962 1086 1105 1120 passione.

217 1136 236 1163 R
257 1137 283 1170 Q,
304 1136 320 1165 6
335 1138 394 1165 Nos
415 1140 518 1173 urgeat
537 1139 669 1166 stimulus
690 1142 795 1167 amoris
810 1141 847 1168 D.
870 1155 906 1159 —
921 1139 941 1166 R
956 1138 982 1174 3,
1003 1140 1019 1167 ’7
1033 1139 1197 1168 Recolimus
1213 1142 1243 1165 (2.
1259 1154 1294 1158 —
1308 1140 1348 1167 In
1362 1138 1387 1167 3.
1402 1141 1503 1168 Noct.

216 1173 237 1199 Α
260 1174 283 1208 1,
305 1173 319 1201 1
341 1183 403 1210 sqq.
424 1174 448 1201 Ο
467 1176 548 1211 virgo
572 1184 627 1211 quo
648 1179 789 1205 tormento
811 1180 863 1205 etc.
886 1178 918 1205 C.
938 1194 975 1198 --
996 1177 1017 1203 Α
1039 1176 1064 1212 2,
1087 1175 1101 1203 1
1123 1185 1185 1212 sqq.
1205 1177 1300 1204 Nimis
1322 1179 1505 1206 cruciabatur

214 1214 266 1238 etc.
288 1212 318 1239 O.
340 1227 375 1231 —
395 1211 417 1238 Α
438 1209 455 1238 3
475 1212 567 1240 lautet
585 1214 616 1240 in
637 1215 673 1241 G:

545 1260 644 1295 Virgo,
664 1263 745 1288 tuum
764 1261 855 1289 filium
874 1263 906 1289 in
925 1270 1008 1289 cruce
1030 1262 1174 1288 clavatum

547 1295 645 1324 Redde
664 1300 722 1325 tuis
743 1300 875 1334 precibus
895 1300 1007 1326 miseris
1030 1299 1182 1333 placatum.

213 1351 293 1377 Auch
316 1351 362 1378 die
381 1352 593 1386 Responsorien
612 1353 705 1381 dieser
723 1355 852 1382 Nocturn
874 1355 939 1382 sind
958 1356 989 1381 in
1010 1355 1032 1382 C
1052 1354 1184 1381 s'zimtlich
1207 1354 1405 1382 veerschieden:

522 1405 544 1433 1.
568 1409 718 1437 Consolari
738 1414 829 1438 mater
849 1420 907 1438 non
926 1412 1028 1446 potuit,

567 1445 616 1473 Sic
634 1449 786 1475 tractatum
807 1448 915 1481 videns,
937 1457 1021 1484 quem
1041 1448 1147 1484 genuit,

568 1482 651 1511 Certe
671 1487 781 1512 tantum
803 1486 930 1513 dolorem
950 1486 1060 1519 habuit,

567 1520 711 1553 Quantum
732 1523 790 1556 ille,
812 1525 862 1558 qui
882 1525 926 1550 tot
948 1524 1094 1550 sustinuit-

509 1556 543 1582 V.
567 1557 689 1585 Mortem
710 1560 770 1594 ejus
789 1560 898 1594 videns,
921 1569 1003 1594 quem
1026 1560 1106 1592 aluit,

563 1595 652 1622 Nulla
674 1599 764 1624 mater
783 1599 842 1624 tam
862 1598 983 1625 multum
1004 1598 1104 1625 doluit.

614 1648 641 1676 2.
660 1651 775 1688 Regina
789 1653 1020 1686 clementissima,

695 1690 785 1725 Virgo
808 1693 900 1718 mater
920 1690 1035 1723 Christi,

661 1726 732 1754 Cum
752 1728 863 1755 videres
883 1728 983 1761 filium,

658 1765 751 1791 Tuum
771 1767 993 1801 primogenitum

697 1802 774 1829 Mori
792 1805 885 1830 morte
903 1804 990 1834 tristi,

659 1839 726 1866 Non
745 1841 805 1867 suis
825 1841 981 1868 tortoribus

696 1876 791 1903 Anxia
810 1877 899 1910 fuisti,

665 1913 721 1940 Sed
741 1914 840 1941 dolens
862 1917 890 1941 et
909 1915 1019 1949 ejulans

696 1951 797 1978 Temet
819 1952 956 1985 afflixisti,

602 1987 636 2013 V.
659 1988 765 2015 Manus
784 1991 920 2025 torquens
941 1991 1045 2017 acriter

695 2025 792 2052 Anxia
809 2026 925 2059 flevisti,

658 2062 716 2095 Nil,
741 2063 817 2098 quod
837 2067 913 2091 esset
932 2064 1075 2098 indecens,

696 2100 839 2135 Improbis
860 2101 967 2128 dixisti.

518 2150 545 2180 3.
567 2153 639 2180 Cum
658 2155 776 2189 videret,
798 2156 874 2192 quod
894 2157 992 2184 clauso
1013 2157 1123 2185 tumulo

561 2191 633 2218 Tam
653 2192 732 2219 dulci
749 2194 912 2228 privaretur
933 2195 1057 2230 speculo,

561 2227 741 2257 Praedilecto
762 2232 821 2257 stat
840 2239 904 2258 cum
924 2232 1074 2268 discipulo,

563 2266 655 2294 Corde
674 2269 766 2302 magis
786 2268 882 2303 plorat
902 2277 986 2304 quam
1008 2271 1099 2303 oculo,

501 2303 538 2330 V.
559 2304 674 2331 Fletum
695 2306 786 2332 movit
805 2306 932 2333 adstanti
951 2308 1059 2342 populo

560 2342 760 2369 Lacr-imarum
778 2343 883 2371 fluente
905 2345 1009 2372 rivulo.

210 2389 249 2417 In
268 2388 293 2415 L
300 2396 317 2416 a
324 2397 343 2416 u
351 2388 369 2415 d
376 2389 387 2415 i
393 2389 410 2416 b
417 2396 437 2414 u
444 2396 457 2415 s
477 2388 529 2416 hat
549 2388 571 2416 C
590 2389 722 2423 folgende
741 2390 807 2420 ffinf
822 2390 1020 2427 Antiphonen:
