1652 2615
721 131 950 149 ...Η-ψ

396 204 601 240 Responsoria.

195 259 224 291 1.
252 258 288 290 In
314 260 417 293 alieno
442 262 578 294 mittitur

299 306 466 339 Tummulo
492 311 660 351 corporali,

250 351 333 384 Nam
356 363 416 394 pro
440 356 609 388 multorum
631 359 766 390 moritur

300 400 408 432 Salute
432 404 582 444 generali,

251 445 361 479 Novus
385 449 419 480 in
443 458 524 481 novo
551 451 697 482 conditur

299 494 391 526 Solus
416 505 504 527 more
527 497 637 537 regali.

180 541 218 572 V.
250 541 350 579 Quam
375 542 487 573 similis
514 543 650 574 efficitur

250 587 366 619 Portae
390 589 511 632 templi,
538 598 618 629 quae
631 590 800 630 clauditur,

294 634 339 666 Et
364 635 468 667 ventri
493 636 650 676 virginali.

190 691 220 722 2.
244 689 337 721 Jacet
362 700 435 723 caro
461 690 575 724 deifica

292 737 409 769 Coacta
433 739 599 778 synnomia

246 785 379 816 Pietatis
404 793 441 817 ac
462 786 556 816 unica

292 831 448 871 Disrupta
471 832 644 876 harmonia,

245 878 450 910 Armatorum
474 878 614 911 terrifica

292 925 437 965 Stipatur
459 926 589 969 militia3

173 971 211 1004 V.
241 971 399 1003 Trecenta
421 973 494 1012 plus
519 976 551 1004 et
574 973 702 1013 publica

245 1018 386 1050 Vulnera
413 1022 487 1051 sunt
512 1020 700 1061 extrinseca,

289 1066 315 1097 Ο
341 1074 421 1105 quae
444 1067 624 1106 ignominia.

186 1123 218 1154 3.
244 1122 373 1154 Fornax
396 1123 512 1154 amoris
537 1121 674 1162 frigidus

288 1169 400 1201 Victor
425 1169 511 1200 humi
536 1169 721 1211 succumbit-7

243 1215 369 1247 Pallens
393 1216 497 1247 nitore
519 1214 651 1247 floridus

290 1261 406 1294 Caesus
431 1261 530 1294 fortes
555 1261 720 1303 confregit,

242 1309 335 1340 Victa
356 1310 422 1348 J'am
445 1312 547 1341 morte
571 1310 734 1349 squalidus

288 1356 405 1388 Taetra
429 1357 567 1388 lustrans
592 1355 767 1396 perfundit.

171 1402 207 1435 V.
237 1403 417 1443 Exsanguis
443 1409 491 1435 est
515 1409 546 1435 et
570 1404 704 1444 gelidus,

239 1449 404 1482 Exanimis
430 1453 462 1482 et
486 1450 635 1493 torrium,

287 1497 331 1529 Et
355 1497 500 1529 robustos
526 1498 722 1537 constringit.

293 1592 339 1623 In
366 1593 397 1625 3.
423 1591 653 1625 NocturnO.

383 1665 492 1700 Antiph
496 1674 561 1693 ona.

178 1723 207 1755 1.
236 1722 297 1754 Cor
322 1725 354 1753 et
375 1723 474 1754 verba
496 1723 636 1754 malitiae

283 1769 381 1801 Plena
404 1772 478 1801 sunt
501 1772 704 1809 armatorum,

237 1816 353 1847 Veium
378 1825 473 1848 causa
495 1817 649 1856 pecuniae

280 1863 406 1904 Negant
430 1872 517 1895 more
542 1865 719 1896 stultorum.

370 1939 577 1974 Responsoria.

174 1996 203 2028 1.
228 1995 430 2027 Exstinctum
456 1996 546 2029 verbi
571 2005 721 2037 organum

277 2044 450 2075 Verissime
474 2046 677 2084 monstratur,

228 2091 318 2123 Intra
342 2091 503 2131 sepulchri
527 2092 679 2131 gremium

275 2138 399 2178 Lapide
421 2139 637 2178 claudebatur,

228 2185 323 2224 Quasi
347 2186 458 2217 mortis
485 2186 655 2217 dominium

274 2232 410 2264 Subesse
434 2233 612 2265 videbatur.

156 2279 195 2313 V.
224 2279 288 2312 Sed
313 2280 452 2312 nondum
477 2281 601 2320 lapsum
625 2279 777 2320 triduum,

225 2327 301 2359 Vita
325 2336 359 2359 se
381 2328 499 2367 promit
522 2328 637 2359 iterum

273 2374 529 2415 Triumphusque
553 2374 716 2415 probatur.

876 215 907 244 2,
935 210 959 242 O
986 210 1120 242 coeleste
1142 210 1337 253 mysterium,

978 257 1044 297 Quo
1071 258 1186 298 caligat
1209 259 1336 299 indag0,

930 304 1008 336 Cum
1023 308 1155 336 mortem
1174 314 1235 337 non
1245 306 1312 344 jam
1324 307 1479 336 mortuum

976 350 1117 383 Devorat
1141 352 1219 383 haec
1244 361 1372 393 vorago,

929 397 1013 429 Dum
1036 399 1146 430 mortis
1170 399 1325 439 palatium

976 444 1031 476 Fit
1056 445 1139 477 vitae
1162 454 1313 486 propago.

858 491 896 522 V.
926 491 1014 523 Haec
1043 491 1221 525 abortivum
1247 492 1384 532 concipit

928 537 973 569 Et
994 538 1099 570 vivum
1123 540 1199 571 inde
1221 540 1369 579 parturit,

977 585 1002 616 Ο
1028 585 1129 624 qualis
1155 588 1204 618 est
1227 587 1340 625 imago.

1030 744 1092 775 Ad
1116 745 1293 778 Laudes.

1069 827 1261 863 Antiphonae.

858 902 888 935 1.
915 901 1013 939 Quam
1039 902 1139 934 dulcis
1164 903 1242 935 haec
1266 902 1456 941 solemnitas,

911 948 949 980 In
973 957 1035 987 qua
1058 949 1197 990 refulget
1222 950 1338 981 veritas

959 994 1093 1026 Sanctae
1116 997 1367 1035 resurrectionis,

910 1041 993 1072 Nam
1017 1046 1178 1081 prostrata
1201 1042 1367 1075 infirmit-as

911 1088 1041 1120 Revixit
1065 1092 1097 1119 et
1119 1090 1295 1121 mortalitas

957 1135 1083 1166 Virtute
1106 1137 1239 1169 unionis.

852 1209 883 1240 2.
909 1208 973 1240 Hic
997 1210 1190 1250 resurgendo
1215 1211 1376 1250 splenduit

907 1254 1064 1287 Funestos
1089 1256 1195 1289 hostes
1220 1258 1342 1296 terruit,

954 1302 1011 1334 Fit
1033 1303 1110 1335 inde
1134 1306 1246 1343 stupor
1269 1305 1372 1344 malis,

909 1349 1012 1381 Moles
1037 1352 1143 1382 terrae
1168 1352 1357 1394 concutitur,

904 1395 1003 1437 Lapis
1029 1396 1196 1429 confestim
1220 1399 1359 1430 volvitur

951 1444 1067 1484 Angeli
1091 1453 1150 1484 per
1174 1446 1323 1485 vigorem.

845 1520 877 1551 3.
902 1518 983 1550 Tres
1007 1519 1189 1558 plectuntur
1213 1521 1381 1561 supplicio,

902 1565 1067 1597 Necantur
1091 1566 1279 1605 crurifragio

945 1612 1100 1645 Latrones
1125 1615 1283 1653 scelerati,

901 1660 943 1692 Os
968 1660 1041 1699 agni
1065 1669 1127 1692 non
1149 1660 1365 1705 confringitur,

902 1706 965 1737 Sed
990 1707 1114 1746 integer
1137 1709 1301 1746 reponitur

947 1753 985 1784 In
1015 1755 1106 1786 antro
1131 1755 1291 1788 tumulari.

840 1829 872 1860 4.
898 1829 996 1861 Jonas
1021 1828 1055 1859 in
1079 1831 1191 1861 ventre
1217 1830 1385 1873 clauditur,

898 1875 1059 1915 Propheta
1084 1875 1158 1908 dum
1181 1877 1355 1917 deglutitur

944 1923 975 1953 A
1000 1925 1069 1954 cete
1092 1928 1299 1966 monstruoso,

899 1970 970 2002 Hoc
994 1970 1082 2009 signo
1107 1980 1205 2011 agnus
1229 1972 1338 2015 utitur,

896 2016 979 2048 Nam
1004 2019 1036 2047 et
1060 2016 1204 2049 Christus
1229 2018 1414 2059 praefigitur

942 2063 1027 2095 Actu
1051 2064 1249 2097 miraculoso.

839 2139 870 2172 5.
896 2138 1022 2171 Laudet
1044 2140 1227 2181 redemptus
1252 2141 1432 2182 Dominum,

893 2187 1098 2226 Perpendens
1123 2191 1245 2219 tantum
1268 2188 1404 2227 pretium

939 2233 979 2265 In
1003 2234 1120 2266 vexillo
1144 2235 1254 2275 regali,

893 2280 938 2311 Et
961 2283 1129 2313 veneretur
1153 2282 1316 2320 tumulum,

897 2327 935 2359 Jn
960 2336 1020 2367 quo
1046 2328 1174 2368 quievit,
1202 2329 1362 2360 conditum

939 2375 1103 2415 Pigmento
1127 2376 1285 2416 virginali.
