1652 2615
704 158 959 197 —172—

315 264 362 295 In
388 263 417 295 3.
444 261 501 293 No
513 264 670 293 cturuo.

397 316 587 352 Antiphonae.

203 366 230 397 1.
258 366 327 398 Jam
354 365 496 395 ascendit
518 370 595 395 voce
618 361 712 393 tubae

257 412 341 443 Tuus
366 413 457 441 natus
482 410 567 441 clara
591 408 683 446 nube,

256 459 349 490 Hunc
373 457 501 495 placare
523 455 613 487 nobis
636 454 722 493 jube.

205 515 234 545 2.
260 513 341 544 Dele
364 511 452 543 labes
476 512 675 550 peccatorum

258 560 325 591 Ista
350 558 409 597 die,
436 567 496 597 qua
521 558 675 589 caelorum

257 604 388 637 Scandit-
403 612 531 643 regnum
544 604 598 635 lux
613 605 799 634 sanctorum.

201 663 231 694 3.
256 661 327 702 Eia,
352 662 462 691 nostra
485 660 649 696 advocata,

257 707 392 746 Propter
415 706 477 737 ist-a
501 705 582 737 festa
605 708 696 745 grata

256 753 336 785 Dele
359 756 466 784 nostra
491 753 654 784 scelerata.

387 817 593 852 Responsoria.

202 866 232 897 1.
258 866 354 904 Virgo
379 868 488 904 mater,
514 872 596 895 nunc
621 864 752 905 exsulta,

257 911 431 944 Adornaris
455 911 549 942 laude
572 910 679 949 multa,

258 958 393 989 Fructus
418 966 551 996 namque
575 957 620 987 tui
645 957 717 999 alvi,

259 1005 319 1036 Per
344 1012 434 1044 quem
459 1002 536 1034 facti
558 1012 662 1035 sumus
687 1003 777 1042 salvi,

258 1051 329 1083 Jam
354 1050 496 1082 ascendit
520 1058 615 1089 super
641 1050 752 1089 caelos,

257 1097 352 1129 Unde
373 1096 433 1127 tibi
458 1097 567 1128 damus
591 1096 707 1136 melos,

188 1144 227 1175 V.
258 1144 347 1175 Victo
372 1143 455 1173 bello
479 1142 650 1181 Babylonis

260 1189 356 1221 Sedet
379 1189 471 1220 modo
496 1198 591 1228 super
614 1188 746 1219 thronis.

202 1248 232 1277 2.
258 1245 358 1276 Foras
382 1244 414 1275 in
439 1244 592 1276 Bethania

306 1291 382 1322 Jesu
405 1291 623 1329 praecedente,

259 1337 425 1375 Turbaque
449 1335 589 1367 fidelium

307 1392 375 1414 eum
399 1386 616 1422 prosequente,

258 1429 399 1462 Elevatis
424 1429 567 1461 manibus

306 1484 428 1507 sursum
453 1474 623 1515 ferebatur,

259 1524 288 1554 A
313 1527 345 1555 te
370 1525 401 1552 et
426 1522 587 1561 discipulis

306 1568 387 1600 illud
411 1569 595 1607 videbatur;

262 1617 397 1655 Propter
421 1615 505 1646 istud
530 1615 684 1656 gaudium,

306 1671 365 1701 quo
390 1664 465 1692 tunc
488 1660 654 1703 fruebaris,

261 1708 366 1749 Virgo,
391 1708 453 1739 tuis
478 1707 603 1739 famulis

302 1763 385 1786 nunc
408 1755 604 1793 misereaiis3

190 1802 229 1834 V.
258 1801 348 1841 Juva,
373 1802 456 1840 quod
479 1805 552 1841 post
575 1801 692 1833 obitum

305 1849 381 1879 illuc
404 1848 573 1888 veniamus,

260 1894 323 1927 Ubi
347 1898 379 1926 te
404 1903 472 1925 cum
497 1894 561 1926 filio

305 1949 429 1980 semper
452 1942 623 1973 videamus,

343 2018 359 2049 1
368 2025 388 2046 n
413 2016 440 2047 L
452 2025 471 2047 a
481 2026 501 2047 u
512 2017 530 2048 d
540 2017 551 2047 i
563 2017 582 2048 b
592 2025 613 2047 u
621 2025 645 2047 S.

399 2070 593 2106 Antiphonae.

204 2120 234 2151 1.
260 2119 326 2150 Isto
353 2118 413 2157 die,
441 2118 575 2156 domina,

307 2169 408 2197 tecum
434 2165 613 2204 gloriamur,

870 1116 902 1148 4.

929 257 1018 296 Quod
1041 257 1186 289 ascendit
1209 256 1293 289 filius

977 304 1089 345 caelos,
1120 303 1334 340 recordamur,

928 351 1010 383 Illuc
1034 359 1092 390 per
1114 353 1146 381 te
1169 349 1304 391 ingredi,

975 398 1072 438 virgo,
1098 404 1284 428 mereamur.

897 504 902 510 .
929 480 1012 511 Nato
1037 481 1090 510 tuo
1115 479 1279 518 psallimus

976 526 1096 558 caelum
1125 525 1310 557 ascendenti

929 573 1063 611 Tibique
1089 572 1278 603 concinimus

972 619 1048 651 inde
1071 619 1289 659 pergaudenti‚

930 666 999 698 Sibi
1022 675 1081 697 nos
1106 666 1238 697 concilia

974 713 1048 745 olim
1072 713 1218 744 venienti.

895 822 902 829 .
929 797 1029 829 Foras
1057 796 1089 827 in
1114 796 1270 827 Bethania

977 844 1052 875 Jesu
1077 843 1288 882 praecedente

928 890 1106 930 Sequuntur
1131 898 1223 928 quam
1246 889 1385 927 plurimi,

975 944 1052 976 quos
1076 936 1283 967 benedicente

929 982 1059 1015 Scandit
1082 991 1179 1021 super
1203 982 1309 1013 sidera

973 1033 1005 1061 te
1030 1029 1212 1068 aspiciente.

926 1113 1021 1146 Hunc
1046 1122 1064 1144 a
1088 1113 1149 1144 tuis
1174 1112 1273 1144 oculis

974 1159 1075 1191 nubes
1101 1159 1280 1198 occultavit,

930 1206 1076 1238 Gaudent
1098 1214 1204 1237 omnes
1228 1205 1342 1245 angeli,

975 1252 1076 1284 caelos
1102 1262 1169 1284 cum
1195 1253 1344 1291 intravit3

928 1299 1082 1337 Quantum
1107 1302 1178 1330 tuus
1203 1299 1332 1339 spiritus

973 1345 1048 1377 inde
1073 1346 1258 1377 exsultavit!

895 1456 901 1462 .
927 1431 1004 1462 Mox
1029 1429 1160 1461 videbas
1188 1430 1314 1468 angelos

973 1478 1072 1508 laetos
1100 1477 1335 1519 descendentes,

927 1524 1144 1555 Adventumm
1168 1523 1306 1563 judicem

974 1571 1081 1601 natum
1106 1570 1335 1609 praedicentes,

928 1616 994 1648 Nos
1018 1616 1119 1654 ipsum
1145 1617 1307 1655 suscipere

972 1664 1050 1702 juva
1074 1666 1149 1694 tunc
1173 1662 1355 1702 gaudentes

1041 1764 1087 1790 Ad
1104 1764 1287 1792 Benedictus.

932 1839 1052 1879 Gaude,
1078 1840 1175 1880 virgo,
1202 1841 1234 1871 in
1258 1840 1318 1871 hac
1344 1841 1405 1881 die,

931 1886 968 1917 In
993 1894 1054 1926 qua
1077 1888 1132 1918 tua
1154 1888 1260 1926 proles
1285 1887 1338 1926 pie

929 1932 979 1964 De
1004 1932 1129 1964 deserto
1153 1933 1326 1973 Babylonis

931 1978 1064 2010 Scandit
1087 1988 1216 2020 regnum
1241 1981 1413 2022 aquilonis;

932 2026 983 2057 Ibi
1008 2034 1113 2057 secum
1138 2036 1221 2059 nunc
1248 2027 1377 2059 laetaris

931 2072 976 2104 Et
999 2082 1018 2104 a
1041 2073 1130 2105 nobis
1155 2075 1326 2115 veneraris,

932 2119 1014 2151 Illuc
1038 2128 1096 2158 per
1119 2123 1152 2151 te
1176 2121 1371 2161 adjuvemur,

933 2166 978 2198 Ut
1002 2169 1162 2198 aeternum
1184 2168 1406 2207 jucundemur.

266 2258 334 2285 God.
355 2257 491 2286 Graecen.
512 2255 575 2284 257.
597 2264 670 2283 saec.
693 2256 736 2284 15.
766 2273 800 2277 -—
820 2258 952 2294 „Incipit
975 2258 1047 2286 offic.
1068 2258 1103 2286 de
1123 2259 1155 2286 B.
1171 2260 1206 2286 V.
1227 2262 1258 2287 in
1278 2260 1477 2290 admonitione

190 2295 298 2331 gaudii,
320 2294 396 2332 quod
416 2295 519 2323 habuit
536 2296 569 2322 in
589 2296 758 2322 ascensione
780 2296 826 2322 sui
846 2294 909 2322 filii.
922 2311 959 2315 —
978 2297 1022 2323 In
1040 2293 1066 2323 3.
1087 2296 1186 2324 Noct.
1208 2296 1230 2324 Α
1252 2295 1276 2331 1,
1298 2295 1315 2325 3
1334 2299 1422 2327 Hine.
1444 2315 1480 2319 —

188 2334 229 2360 In
241 2334 351 2361 Laud.
366 2331 388 2358 Α
404 2330 427 2366 1,
445 2332 462 2360 5
475 2335 504 2360 te
518 2332 645 2369 aggredi.
659 2347 696 2351 —
717 2331 739 2359 Α
759 2331 785 2368 2,
807 2330 823 2359 6
843 2333 944 2361 Liieke
962 2343 1021 2361 von
1040 2335 1112 2361 zwei
1126 2333 1240 2370 Silben3
1262 2335 1332 2363 olim
1353 2339 1479 2374 erganzt.
