1652 2615
716 156 973 197 -169--Δ

330 256 376 288 In
405 255 436 287 3.
463 255 688 290 Nocturno.
954 259 1020 292 Ubi
1045 261 1077 291 te
1103 266 1171 288 cum
1195 256 1261 288 filio

425 338 606 374 Anfiphona-
881 352 918 384 v.
947 304 1324 391 ΝοὶἳΞΡῗῗΓὲὲᾱὲἓὲἔῗῑέ,

269 406 345 438 Tibi
369 408 498 438 nostrae
524 407 669 439 dominae
996 408 1079 431 nunc
1103 398 1288 438 propitiare,

318 454 412 494 digne
437 454 650 495 decantamus,
948 446 1065 478 Tecum
1089 448 1142 476 tuo
1167 445 1282 485 gaudio

268 499 320 532 Da
344 510 403 540 per
426 503 513 531 tuum
538 502 696 542 gaudium,
997 494 1037 524 da
1066 501 1122 524 nos
1148 493 1313 523 exsultare.

320 548 404 587 quod
426 548 493 586 J'am
517 556 736 588 memoramus,

273 594 320 626 Ut
343 603 363 625 a
384 595 501 626 nostris
527 593 667 626 faecibus

314 650 421 673 omnes
446 649 656 681 resurgamus.
1040 634 1056 666 1
1065 644 1084 665 n
1111 632 1139 664 L
1148 642 1166 665 a
1173 643 1195 664 u
1205 633 1224 665 d
1233 634 1245 664 i
1253 633 1272 665 b
1280 643 1302 665 u
1310 643 1334 666 s.

579 744 585 749 ,
1087 716 1282 752 Antiphonae.

408 742 614 778 Responsoria-

890 784 919 816 1.
948 784 1068 824 Gaude,
1091 786 1193 814 mater
1216 783 1354 825 Domini,

995 832 1084 872 virgo
1111 830 1289 870 singularis,

943 878 1014 910 Jam
1040 877 1177 909 surrexit
1201 876 1287 908 filius

993 928 1065 956 tuus
1090 924 1248 963 salutaris,

948 971 1049 1003 Nobis
1074 971 1137 1002 tuis
1163 969 1290 1002 famulis

994 1018 1068 1049 hinc
1091 1018 1280 1049 miserearis.

206 810 235 841 1.
263 809 346 841 Fide
368 810 632 850 constantissima,

312 857 412 898 virgo,
436 857 633 896 praedicaris

266 903 342 935 Cum
369 903 499 936 cohorte
526 904 622 935 dubia

313 960 416 991 neque
443 951 633 990 aestimaris,

265 998 334 1030 Ista
359 998 411 1030 die
434 998 545 1028 intime

315 1053 347 1076 es
373 1043 554 1087 laetificat-a,

264 1092 363 1124 Prole
388 1091 594 1123 dilectissima
890 1085 921 1115 2.
949 1083 1001 1114 Ad
1027 1083 1226 1123 sepulchrum
1252 1082 1381 1122 angelus

313 1141 414 1170 mort-,e
438 1139 600 1172 suscitata,
995 1130 1093 1162 adens
1118 1132 1325 1171 protestatur,

194 1186 233 1217 V,
264 1185 337 1227 Eja'
364 1186 426 1217 mis
452 1183 590 1228 famulis,
947 1176 1036 1214 Quod
1062 1176 1200 1208 surrexit
1226 1175 1318 1215 filius,

310 1233 412 1273 virgo,
438 1232 599 1271 miserere,
994 1223 1047 1262 qui
1073 1222 1282 1254 cruciabatur.

264 1279 420 1311 Praesens
446 1279 517 1310 dele
543 1279 683 1317 crimina,
945 1270 1027 1302 Inde
1051 1272 1122 1301 tuus
1147 1270 1288 1309 spiritus,

312 1328 465 1366 quotquot
490 1326 685 1359 commisere.
992 1320 1104 1355 mater,
1131 1316 1335 1355 jucundatur-

205 1403 237 1435 2.
263 1402 331 1434 Ista
357 1402 409 1433 die
433 1400 517 1432 filius
887 1385 918 1416 3·
944 1382 995 1414 EX
1020 1383 1159 1414 adventu
1184 1382 1288 1421 angen

992 1432 1065 1460 sunt
1090 1429 1297 1460 custoditores

945 1477 1038 1509 Facti
1062 1476 1150 1509 velut
1173 1476 1289 1507 mortui

991 1524 1058 1563 ejus
1082 1531 1140 1564 per
1164 1525 1313 1561 terroreS,

944 1571 1034 1610 Quod
1059 1572 1098 1602 de
1121 1572 1178 1601 tua
1197 1570 1303 1602 anima

995 1617 1110 1649 evulsit
1135 1617 1269 1649 dolores.

312 1451 384 1480 tuus
414 1447 632 1487 triumphavit,

263 1495 402 1536 Surgens
426 1503 562 1534 namque
585 1495 691 1527 tristia

313 1545 425 1574 cuncta
459 1542 632 1581 superavit,

265 1589 366 1621 Nobis
391 1590 482 1628 larga
507 1589 647 1620 crederis

313 1640 401 1668 tanto
429 1636 469 1667 de
492 1636 621 1677 honore,

266 1684 352 1723 Ergo
380 1684 463 1715 dona
487 1681 615 1714 famulis
887 1685 920 1715 4.
947 1683 1024 1715 Cum
1049 1684 1082 1714 in
1106 1682 1186 1714 urbe
1211 1681 1355 1714 referunt

314 1738 426 1761 munus
451 1729 483 1760 in
509 1738 633 1769 amore;
992 1731 1106 1762 mirum
1131 1738 1166 1761 se
1190 1730 1318 1766 vidisse,

195 1778 233 1811 V.
266 1777 388 1816 Quanto
412 1776 484 1815 plus
507 1785 587 1815 prae
610 1775 685 1808 filiis
944 1778 997 1809 Ad
1022 1776 1223 1817 sepulchrum
1248 1777 1376 1817 angelos

314 1827 369 1856 tua
392 1823 499 1863 proles
527 1823 631 1863 digna,
994 1825 1033 1856 de
1059 1824 1145 1857 caelo
1170 1824 1304 1862 venisse,

266 1871 461 1903 Dominabus
489 1871 632 1902 omnibus
946 1871 1100 1904 Gloriaris
1125 1870 1235 1911 filium,

311 1919 383 1958 plus
410 1926 443 1949 es
468 1920 503 1949 tu
527 1918 673 1958 benigna.
991 1919 1091 1960 virgo,
1118 1919 1305 1952 surrexisse.

205 1997 238 2028 3.
264 1996 311 2027 Te
335 1994 471 2027 Mariam
496 1994 660 2034 virginem,
884 1988 915 2020 5.
941 1986 1108 2018 Visitando
1134 1983 1271 2017 feminae

310 2045 442 2074 matrem
468 2042 546 2074 Jesu
571 2042 701 2085 Christi,
989 2042 1081 2065 mane
1105 2036 1350 2073 monumentum,

262 2090 349 2129 Quae
375 2090 415 2122 de
439 2089 524 2120 omni
548 2090 672 2121 macula
944 2080 1033 2119 Quod
1050 2080 1168 2113 abinde
1191 2079 1336 2113 referunt

308 2147 390 2178 pura
416 2136 576 2179 exstitisti,
989 2128 1049 2161 tibi
1071 2128 1317 2169 gaudimentum‚

262 2185 472 2225 imploramus
497 2185 668 2226 supplices,
944 2176 1009 2209 Sed
1035 2178 1103 2208 erat
1127 2176 1279 2215 aPOStOliS

308 2232 400 2264 nobis
425 2232 479 2271 pia
502 2234 580 2275 esto,
989 2224 1050 2255 hoc
1076 2223 1326 2255 deliramentum.

264 2281 331 2311 Fac
355 2289 412 2312 nos
438 2279 483 2310 tui
508 2278 564 2310 filii

310 2327 369 2358 hoc
392 2328 513 2360 laetare
537 2325 630 2359 festo.
1057 2316 1103 2344 Ad
1122 2315 1305 2343 Benedictus.

261 2374 397 2408 Tantum
423 2374 507 2413 quod
532 2377 606 2413 post
628 2373 747 2406 obitum
872 2375 914 2409 A.
942 2375 1119 2407 Benedicta
1143 2374 1196 2415 sis,
1220 2373 1335 2414 Maria,

308 2421 386 2456 illuc
409 2421 581 2460 veniamus,
944 2422 1021 2454 Jesu
1047 2421 1166 2455 Christi
1189 2424 1291 2453 mater
1314 2422 1377 2462 pia,
