1652 2615
143 193 181 226 V.
215 193 371 226 Coronato

261 243 369 273 nostra
390 243 528 283 miseria,

213 287 272 326 Qui
295 285 415 321 honore

264 338 394 367 coronat
419 337 532 375 omnia,

213 380 258 412 Et
280 379 401 414 flamini

263 436 331 460 cum
355 432 448 469 patre
472 432 582 472 gloria.

333 503 378 530 Ac]
398 504 575 541 Magnificat.

177 583 184 589 .
218 559 312 592 Felix
337 563 432 599 terra,

261 615 342 645 quae
366 608 475 647 spinas
498 610 640 648 protulit,

214 652 309 691 Regis
334 662 442 694 regum

261 708 338 739 quas
363 704 458 741 eaput
482 702 604 744 extulit,

217 745 353 784 Quarum
380 748 477 780 multo

260 797 394 832 punctus
420 798 467 826 est
492 796 617 829 stimulo

216 840 392 873 Moriturus
415 851 496 874 unus

263 896 322 926 pro
346 889 474 928 populo,

217 934 341 966 Sertum
368 935 441 967 diva

263 982 411 1013 redolens
436 985 582 1021 tempora

215 1027 335 1060 Nostra
359 1027 435 1060 fecit

261 1074 355 1106 beata
376 1078 520 1114 tempora

214 1123 359 1153 Vernaus
383 1123 470 1153 intra

261 1167 456 1200 Francorum
482 1168 585 1201 litora.

279 1271 338 1303 Ad
364 1271 630 1303 Matutinum.

348 1345 562 1373 Invitatoriilm.

213 1402 391 1435 Adoremus
415 1403 564 1435 humilem

261 1448 367 1488 Spinis
394 1453 586 1489 coronatum,

215 1497 311 1535 Quem
338 1500 501 1537 exspectat
522 1497 672 1536 judicem,

261 1543 420 1583 Quidquid
447 1548 495 1576 est,
519 1547 667 1577 creatum.

271 1638 315 1669 In
341 1638 370 1671 1.
398 1636 625 1671 NocturuO.

355 1710 549 1746 Antiphonae.

145 1771 175 1804 1.
200 1770 260 1809 Qui
286 1770 327 1801 de
351 1769 446 1801 coelis
470 1770 649 1801 unctionem

247 1817 327 1856 Regi
351 1817 437 1848 misit
461 1816 627 1857 Manciae,

201 1865 264 1896 Per
289 1872 424 1896 coronae
447 1864 627 1895 missionem

245 1911 340 1944 Hunc
364 1911 498 1943 honorat
522 1911 627 1944 hodie.

142 1970 173 2002 2.
200 1968 250 2000 Ex
275 1968 389 1999 hiulcis
414 1972 519 2000 terrae
543 1968 638 2000 sulcis

247 2015 379 2048 Crucem
404 2016 503 2047 traxit
522 2015 656 2056 Helena,

198 2063 266 2094 Rex
294 2063 333 2094 de
359 2062 489 2095 Graecis
514 2064 587 2095 tulit
611 2064 711 2096 thecis

247 2111 401 2143 Coronam
424 2109 632 2150 Francigena.

140 2169 171 2200 3.
197 2166 281 2199 Dum
306 2167 444 2199 medium
469 2168 627 2199 silentium

245 2215 337 2247 Pacis
361 2216 485 2246 teneret
508 2214 655 2258 Francia,

199 2262 261 2293 Per
285 2261 483 2294 Salomonem
507 2262 603 2294 alium

197 2309 393 2342 Francorum
419 2309 500 2342 ditat
524 2310 640 2342 solium

246 2356 369 2390 Corona
388 2357 450 2389 Dei
473 2358 615 2397 propria.

1024 198 1227 234 Responsoria.

835 257 865 290 1.
892 256 1093 288 Occidentem

935 302 1075 334 illustrat
1099 303 1213 344 oriens,

893 349 998 381 Solum
1023 358 1136 381 novum

941 395 1041 428 Gallis
1065 396 1228 435 adjiciens,

891 443 1095 483 Resurgentis

937 498 1081 521 coronam
1108 490 1254 530 largiens.

821 537 859 569 V.
894 536 1010 569 Visitat
1034 545 1090 568 rex
1115 537 1251 569 omnium

939 586 1078 615 nostram
1103 584 1261 623 regionem

892 630 937 661 Et
960 630 1091 670 girando
1115 628 1253 662 flectitur

936 678 1002 716 jam
1025 677 1068 707 ad
1091 677 1278 715 aquilonem.

834 744 864 775 2.
891 741 940 773 De
964 744 1105 773 torrente

938 788 1048 820 bibens
1064 788 1209 821 miseriae

891 835 1054 867 Exalt-avit,

941 885 1033 921 caput
1058 891 1115 914 rex
1137 883 1256 923 gloriae

893 928 1065 960 Coronatus

940 976 1039 1014 spinis
1063 977 1235 1015 angustiae.

823 1022 860 1053 V.
894 1022 1090 1062 Regnaturos

941 1068 1032 1100 decet,
1055 1071 1208 1109 augustia,

892 1115 937 1148 Ut
961 1123 1095 1147 coronae

935 1164 1040 1193 monet
1063 1163 1204 1196 materia.

836 1228 866 1260 3.
892 1226 985 1258 Felix
1009 1227 1111 1267 spina,

939 1274 1026 1312 cujus
1053 1274 1092 1305 de
1117 1275 1243 1306 stimulo

890 1319 1027 1352 Fructus
1053 1321 1137 1352 vitae

937 1368 1056 1407 pendet
1079 1376 1136 1407 pro
1162 1367 1288 1409 pabulo,

889 1413 1040 1446 Morienti

936 1469 1122 1494 succurrens
1146 1462 1282 1494 saeculo.

819 1508 857 1542 V.
890 1507 993 1548 HuJ'us
1019 1509 1114 1540 decor

936 1556 969 1587 in
994 1556 1067 1587 aula
1091 1556 1178 1595 regia

888 1601 932 1633 Et
955 1602 1054 1642 regali

937 1649 1083 1689 splendet
1109 1649 1253 1681 ecclesia.

946 1762 992 1793 In
1017 1763 1049 1794 2.
1075 1761 1309 1795 Nocturno.

1025 1845 1218 1881 Antiphonae.

819 1913 849 1945 1.
876 1912 936 1945 Dei
962 1913 1043 1945 dono
1069 1913 1193 1946 obviam

921 1960 1081 2000 processio
1106 1965 1205 2001 grata,

877 2007 923 2041 Ut
947 2010 1121 2040 castrorum
1146 2009 1229 2040 acies

924 2055 1001 2086 Exit
1025 2055 1181 2095 ordinata,

878 2102 1038 2134 Sternitur
1061 2103 1222 2135 miraculis

923 2152 1025 2181 strata.
1049 2152 1243 2183 consecrata.

819 2217 849 2249 2.
878 2215 1021 2249 Gaudeat
1046 2216 1186 2249 Parisius

926 2263 1010 2296 Serti
1034 2264 1211 2303 privilegio,

877 2311 943 2350 Quo
968 2319 1030 2342 non
1055 2313 1160 2342 exstat
1184 2310 1308 2350 dignius

925 2357 989 2391 Sub
1014 2357 1110 2391 solari
1136 2358 1235 2391 radio.
