1652 2615
709 146 963 172 —ztsz—

310 234 427 267 Merita
457 235 533 267 dant
556 234 670 275 gaudia

358 281 434 322 Tua,
457 282 552 321 jubar
578 282 712 320 clarum3

266 329 328 360 Tot
351 328 443 360 bellis
467 328 627 368 expositis,

265 375 367 417 Pater,
394 383 540 407 succurre
563 374 695 414 miseris,

308 422 476 453 Miseratus
501 421 614 452 taediis

355 468 462 500 Ovium
487 471 621 500 tuarum.

326 589 387 621 Ad
411 589 674 622 Matutinum.

387 674 599 701 Invitatorium.

260 730 436 762 Laudemus
459 731 492 762 in
517 731 626 762 exsilio

307 778 484 809 Praesentis
508 778 661 809 incolatus

260 823 426 864 Christum,
453 823 542 863 quem
566 824 599 855 in
619 824 765 855 incendio

304 871 435 902 Fatetur
460 871 511 902 hic
535 871 653 904 beatuS.

317 992 361 1023 In
387 992 418 1025 1.
444 992 669 1024 Nocturno.

390 1074 581 1110 Antiphonae.

202 1130 230 1162 1.
256 1129 387 1161 Sanctus
410 1130 514 1162 lumen
539 1132 734 1170 deperditum

302 1176 388 1207 Dans
414 1186 505 1209 caeco
530 1179 698 1217 oculorum,

255 1223 393 1254 Turbam
418 1225 515 1256 traxit
539 1225 698 1263 gentilium

302 1270 332 1300 A
358 1270 442 1302 cultu
464 1271 631 1303 idolorum.

200 1326 231 1357 2.
257 1324 319 1355 Per
342 1325 433 1364 hujus
458 1326 558 1357 sancti
581 1327 695 1358 merita

301 1371 350 1402 De
372 1371 536 1410 profundis
561 1382 709 1412 aquarum

256 1417 307 1448 Ad
333 1420 455 1456 portum
480 1427 591 1451 navem
615 1420 757 1452 obrutam

301 1464 451 1496 Perducit
471 1466 565 1504 ,iubar
590 1467 716 1499 clarum.

199 1520 229 1551 3.
255 1518 356 1558 Hujus
380 1518 456 1551 fient
479 1520 594 1552 fratres
617 1523 759 1563 pignora,

303 1565 360 1603 Qui
381 1568 519 1609 tulerint,
541 1568 643 1607 ignari

256 1611 373 1643 Corvus
399 1639 405 1645 .
436 1642 442 1648 ,
472 1642 475 1648 ,
501 1615 627 1653 perdita

297 1659 436 1697 Reponit
455 1661 489 1692 in
509 1661 611 1693 altari.

386 1752 588 1789 Responsoria.

195 1808 225 1840 1.
252 1808 371 1840 Plaude
394 1818 532 1850 surgens,
558 1812 739 1851 Assissium,

297 1856 335 1887 In
358 1856 483 1889 laudem
508 1858 686 1901 conditoris,

250 1901 366 1933 Mentis
393 1911 513 1943 expone
533 1904 677 1946 jubilum,

297 1948 345 1979 Sit
368 1949 436 1982 laus
461 1951 564 1982 cordis
590 1954 621 1982 et
644 1952 717 1995 oris,

251 1995 449 2028 Concinentis
473 1998 671 2036 praeconium

297 2041 406 2073 Novae
429 2044 506 2083 legis
531 2045 651 2086 latoris,

182 2088 220 2119 V.
252 2088 317 2127 Quo
342 2089 432 2127 pulso
457 2091 542 2121 cultu
568 2092 749 2123 daemonum

248 2134 375 2166 Devicit
398 2137 482 2168 vitae
505 2137 645 2169 nubilum

295 2182 430 2221 Superni
454 2184 508 2215 lux
532 2185 721 2223 splendoris.

191 2239 222 2271 2.
248 2237 298 2269 Ex
321 2238 439 2271 illustri
462 2240 611 2280 prosapia

293 2286 531 2326 Progenitorum
555 2290 657 2328 natus,

245 2331 296 2364 Ab
321 2332 391 2372 ipsa
414 2335 551 2374 pueritia

294 2378 448 2413 Caelestia
470 2384 617 2423 sectatus,

933 233 1065 264 Manum
1089 233 1176 264 misit
1198 234 1239 265 ad
1265 233 1362 266 fortia

981 280 1160 312 Victorinus
1183 280 1303 321 beatus,

895 352 902 360 .
931 326 1054 366 Mundi,
1082 327 1184 358 carnis
1210 326 1340 359 fallacia

931 373 990 405 Vel
1016 373 1176 405 daemonis
1202 374 1340 405 versutia

977 419 1048 451 Non
1073 422 1122 450 est
1145 420 1353 459 inlaqueatus,

895 501 903 509 .
929 476 1011 507 Dum
1038 475 1195 507 Christum
1220 475 1409 507 lucrifacere

976 522 1156 554 Victorinus
1179 523 1327 563 intendit,

928 569 980 607 Et,
1007 578 1099 609 quam
1124 569 1166 600 sit
1191 569 1282 600 dulce
1304 570 1418 602 tollere

976 616 1089 655 Jugum
1115 616 1192 657 ejus,
1218 617 1364 659 attendit,

924 663 962 695 In
984 663 1044 694 Dei
1070 662 1196 694 fervens
1221 672 1317 703 opere

975 710 1115 741 Terrena
1140 710 1324 750 vilipendit;

889 783 895 789 .
924 756 1020 795 Quem
1050 757 1154 797 corde,
1180 765 1245 798 ore,
1271 765 1367 796 opere

928 803 1122 835 Caelestibus
1145 803 1320 847 intendere,

973 849 1116 889 Superna
1138 850 1193 881 lux
1217 851 1371 883 accendit.

981 943 1026 974 In
1052 945 1083 977 2.
1110 943 1341 976 Nocturno.

1070 1017 1261 1052 Antiphonae.

890 1099 898 1107 .
925 1073 1113 1114 Victorinus,
1139 1074 1189 1105 vir
1212 1074 1351 1113 inclitus,

924 1120 1039 1160 Vigore
1064 1119 1189 1152 fervens
1213 1122 1354 1161 spiritus,

970 1167 1053 1198 Dum
1079 1168 1180 1198 cultus
1205 1168 1362 1200 idolorum

923 1214 1126 1253 Persequitur
1150 1215 1312 1254 gentilium

924 1261 1143 1300 Christumque
1169 1262 1261 1293 docet
1284 1263 1419 1294 omnium

969 1307 1135 1339 Factorem
1160 1309 1365 1341 saeculorum.

890 1388 896 1394 .
923 1363 1034 1402 Coepit
1058 1363 1115 1394 sub
1139 1364 1249 1404 Dagno
1275 1366 1422 1403 praeside

922 1410 1114 1441 Assisinates
1143 1411 1255 1451 visere,

968 1456 1072 1488 Donet
1094 1459 1130 1488 ut
1153 1460 1350 1490 terrenorum

922 1502 998 1535 Flos
1024 1504 1175 1535 seminum
1201 1505 1343 1536 labilium

928 1576 1385 1588 ..............

966 1597 1003 1628 In
1028 1595 1148 1628 fructus
1173 1601 1382 1632 aeternorum.

888 1679 895 1687 ,
922 1652 1015 1685 Salve
1038 1656 1146 1685 nostra
1170 1654 1265 1698 salus,

966 1708 1048 1740 spes,
1074 1700 1244 1744 Victorine‚
1276 1702 1427 1734 bonorum

921 1747 1098 1789 Congeries,
1124 1750 1216 1787 pater
1241 1749 1331 1789 alme,
1356 1750 1419 1781 tuis

965 1794 998 1824 in
1022 1792 1085 1825 fine
1109 1795 1249 1828 laborum

921 1839 968 1871 Sis
992 1841 1052 1881 via,
1080 1842 1152 1882 dux,
1179 1846 1296 1885 vector,

965 1890 1082 1919 statues
1112 1889 1144 1920 in
1168 1892 1260 1930 parte
1283 1891 1418 1929 piorum.

1057 1953 1262 1989 Responsoria.

885 2032 892 2040 .
918 2008 1002 2040 Dum
1030 2013 1156 2041 sanctus
1180 2011 1263 2042 inter
1289 2012 1421 2045 verbera

920 2054 1072 2088 Constans
1097 2058 1221 2089 exsistit
1244 2058 1373 2097 per-fera

965 2103 1138 2135 Saevientis
1162 2105 1292 2148 lictoris,

919 2150 1088 2182 Contracta
1111 2151 1216 2190 rigans
1242 2152 1333 2184 arida

917 2196 1008 2228 Motu
1032 2197 1176 2236 privatur
1199 2198 1298 2237 impia

964 2244 1041 2275 Mox
1064 2253 1173 2275 manus
1198 2247 1409 2289 percussoris;

879 2311 885 2318 .
919 2289 942 2321 O
970 2291 1078 2329 quanti
1102 2290 1163 2322 Dei
1188 2292 1318 2325 dextera

917 2337 1108 2369 Adstantum
1132 2340 1233 2370 terret
1255 2343 1385 2379 pectora

965 2384 1114 2424 Prodigio
1138 2387 1293 2426 stuporis!
