1652 2615
222 184 344 224 Nempe
370 184 468 215 victor
494 183 534 214 de
557 182 678 223 proelio

222 231 320 263 Redit
345 229 444 262 fracto
468 229 602 268 imperio

267 277 373 317 Atque
397 276 541 316 principe
564 274 683 306 mortis.

169 334 199 366 3.
226 332 430 371 Sepulchrum
456 331 683 371 praeelegerat,

227 379 301 411 Cum
326 387 385 418 per
409 376 593 417 prophetam
622 375 755 413 dixerat,

270 425 359 463 Quod
386 427 469 455 esset
491 423 676 462 gloriosum;

223 471 412 503 Accelerant
436 478 527 508 quam
551 468 678 507 plurimi

221 517 265 549 Et
287 518 477 548 venerantur
502 514 609 545 cernui

269 563 432 594 Miraculis
457 560 619 593 famosum.

170 622 199 652 4.
226 620 401 657 Suspensus
425 617 457 648 in
482 616 635 657 patibulo,

225 665 410 697 Horrendus
434 664 466 694 in
491 664 670 702 spectaculo

270 711 447 751 Deponitur
471 711 504 742 in
529 711 645 748 tumba,

222 758 362 790 Functus
387 758 506 796 Joseph
532 756 679 796 obsequsso

226 806 263 837 In
288 804 420 836 sindone
446 804 590 835 continuo

272 851 449 883 Involvitur
473 850 658 890 permunda,

169 910 198 939 5.
224 908 288 939 Hic
312 907 469 945 requievit
492 906 624 937 sabbato

227 954 315 984 Sicut
340 956 370 983 et
395 962 413 984 a
438 953 605 991 principio,

273 999 403 1039 Quando
429 1002 546 1030 terram
572 997 727 1037 fundavit,

227 1047 388 1085 Completo
409 1047 475 1084 J'am
500 1045 623 1078 senario

227 1094 329 1132 Opere
357 1091 441 1123 facto
467 1092 553 1124 vario

278 1137 423 1170 Perfecte
447 1139 681 1171 consummavit.

352 1211 398 1238 Ad
417 1210 593 1247 Mag-nificat.

168 1271 208 1302 A.
238 1270 262 1302 O
286 1277 410 1300 moeror
435 1272 465 1299 et
488 1269 645 1309 gaudium,

241 1317 265 1348 O
285 1316 383 1354 judex
408 1323 524 1355 aequus
545 1316 738 1354 daemonum,

287 1362 333 1393 Tu
359 1371 497 1394 summae
521 1362 653 1393 militiae

337 1409 439 1448 Caput
464 1412 494 1440 et
518 1409 671 1447 romphea

241 1457 348 1495 Xgnea,
373 1455 594 1494 praesentibus

243 1502 335 1533 Clare
358 1504 562 1533 monstratum
588 1501 731 1540 patribus

290 1549 325 1579 In
352 1548 447 1579 solari
471 1549 594 1588 specie3

338 1595 436 1626 Luxit
460 1603 539 1634 quae
560 1602 635 1634 gens
660 1602 724 1634 rea,

247 1642 305 1673 Per
329 1644 361 1673 te
386 1644 480 1681 rupta
504 1641 638 1680 vincula,

243 1688 423 1720 Tabescunt
446 1692 539 1719 antra
562 1687 676 1725 ferrea,

288 1734 455 1775 Requievit
478 1735 607 1775 spiritus

337 1782 466 1813 Patrum
489 1782 705 1821 antiquorum,

242 1829 317 1861 Tuis
342 1829 434 1860 adsta
457 1827 542 1866 filiis,

241 1876 345 1914 Pater,
374 1884 498 1914 semper
519 1875 550 1905 in
576 1874 715 1916 proeliiS‚

290 1922 372 1953 Nam
395 1923 576 1954 increscunt
597 1921 732 1952 insultus

338 1969 506 2000 Saevarum
531 1967 679 2000 ferarum.

303 2062 332 2092 A
344 2062 365 2093 <l
388 2061 652 2093 Matutinum.

378 2134 592 2162 Invitatorium.

243 2192 322 2232 Regi
346 2193 496 2232 pugnanti
523 2192 633 2231 gloria,

289 2240 348 2279 Qui
373 2239 413 2271 ad
438 2238 547 2271 horam
571 2239 744 2279 succubuit,

245 2287 290 2319 Ut
312 2287 425 2327 maJ'ori
452 2285 584 2317 victoria

292 2334 493 2374 Resurgeret,
520 2341 588 2364 cuni
613 2330 728 2365 floruit.

964 180 1009 211 In
1034 179 1065 211 1.
1092 178 1323 210 Nocturno.

1050 261 1226 295 Antiphona.

839 328 868 360 1.
896 327 958 359 Hic
981 336 1037 358 rex
1061 327 1094 357 in
1119 326 1209 357 horto
1232 325 1359 364 ponitur

942 374 1026 404 Vere
1053 372 1237 403 deliciarum

894 420 1110 457 Fructumque
1133 416 1289 455 praebens
1319 416 1455 446 vescitur

944 466 982 497 In
1008 468 1096 496 terra
1118 463 1301 494 animarum.

1050 564 1255 601 Responsoria.

853 634 881 665 1.
910 632 1077 664 Postulant,
1101 631 1161 662 viri
1185 630 1370 669 sanguinum

956 678 1164 717 Sepulchrum
1189 676 1351 714 custodiri,

908 725 1040 758 Vallant
1064 733 1178 763 corpus
1205 723 1394 755 dominicum

956 772 1034 804 Mox
1058 771 1212 802 satellites
1238 770 1308 812 diri,

911 819 1119 857 Peroptantes
1143 817 1363 857 propheticum

957 865 1107 897 Edictum
1132 863 1289 904 impediri.

873 939 879 945 .
909 913 1009 943 Arma
1034 915 1188 952 quaerunt
1211 914 1243 941 et.
1264 910 1422 952 annulum,

911 959 957 991 Ut
979 967 1103 990 sacrum
1127 959 1253 997 signent
1276 957 1438 993 tumulum,

961 1005 1055 1043 Quem
1085 1005 1193 1037 volunt
1218 1003 1412 1036 communiri.

880 1105 886 1111 .
913 1081 950 1112 111
974 1080 1085 1112 matris
1108 1079 1211 1111 fervet
1234 1079 1339 1111 anima

956 1126 1076 1159 Luctus
1099 1126 1339 1166 praecordialis,

915 1173 1010 1213 CuJ'us
1037 1173 1182 1212 depascit
1203 1172 1315 1203 intima

959 1219 1059 1252 Dolor
1084 1219 1231 1258 exitialis,

913 1266 1014 1298 Facta
1036 1269 1195 1305 tamquam
1221 1265 1395 1304 peripsima

961 1312 1005 1344 Ut
1028 1315 1150 1351 martyr
1173 1312 1383 1352 triumphalia

874 1385 881 1392 .
916 1359 1070 1391 Lamenta
1095 1361 1242 1390 crescunt
1262 1360 1408 1399 maxima,

915 1406 1002 1437 Inter
1026 1415 1132 1437 omnes
1158 1410 1194 1438 ut
1218 1406 1345 1437 victima

962 1453 1012 1486 Sit
1033 1453 1105 1493 ipsa
1127 1452 1326 1492 principalis.

882 1555 889 1561 .
914 1527 964 1559 De
988 1535 1082 1558 cruce
1105 1528 1178 1559 dum
1204 1527 1381 1568 deponitur,

961 1574 1007 1608 Ut
1031 1576 1123 1606 detur
1146 1574 1337 1614 sepulturae,

913 1622 1007 1653 Prius
1032 1629 1090 1660 per
1113 1621 1183 1660 pios
1208 1622 1335 1661 ungitur

964 1667 1084 1708 Corpus
1109 1668 1208 1699 mirae
1230 1670 1380 1707 staturae,

916 1716 1004 1747 Inter
1027 1723 1199 1754 manusque
1222 1715 1346 1746 tollitur

963 1762 1017 1794 Ad
1040 1765 1174 1794 stratum
1196 1764 1309 1801 petrae
1333 1762 1440 1795 durae.

846 1810 885 1841 V.
915 1808 1047 1840 Praeses
1072 1809 1114 1840 ad
1138 1807 1231 1840 funus
1255 1807 1402 1847 flectitur,

918 1855 1013 1893 Quasi
1034 1856 1107 1894 jure
1130 1855 1313 1886 conceditur

964 1903 1154 1941 Imperantis
1180 1910 1340 1934 censurae.

975 2041 1020 2074 In
1047 2044 1078 2074 2.
1104 2042 1336 2077 Nocturno.

1069 2125 1245 2160 Antiphona.

852 2192 882 2224 1.
908 2193 1102 2224 Prostratum
1126 2194 1193 2232 Jam
1217 2193 1365 2226 mirificat

955 2238 1031 2271 Plus
1057 2240 1176 2271 cunctis
1200 2240 1288 2272 Deus
1312 2247 1415 2282 pater,

908 2286 1004 2325 Quem
1025 2286 1059 2317 in
1083 2289 1173 2319 antro
1198 2287 1376 2327 signaverat

954 2332 1078 2366 Judaea
1101 2332 1209 2366 furens
1232 2339 1342 2370 mater.
