1652 2615
678 148 723 155 —
772 128 932 163 264-

232 228 373 261 Omnium
399 225 547 259 factorem

274 274 335 306 Pro
361 283 410 305 me
433 274 612 313 deprecare.

190 347 196 354 .
226 321 299 360 Fili,
326 329 427 360 surge,
454 328 549 359 opere

274 367 335 398 Dei
358 368 548 398 voluntatem

230 414 368 453 Comple,
394 414 494 452 legem
521 412 645 455 Christi,

275 460 426 492 sinceram
453 459 615 490 caritatem

227 505 379 545 Effugatis
409 505 493 537 vitiis

275 553 398 592 plantes
424 554 455 583 et
478 551 684 584 sanctitatem.

198 649 205 655 .
231 624 335 655 Sacris
360 623 490 661 sumptis
514 623 640 654 monitis

275 672 401 702 sanctus
425 672 634 708 consecratur,

233 717 350 750 Civitas
374 716 514 748 Bononia

277 763 388 802 gaudio
412 763 557 801 laetatur,

232 810 326 842 Tanti
350 809 449 847 patris
474 808 575 849 gloria

278 857 361 887 laeta
387 858 560 898 coronatur,

229 903 268 934 In
294 902 439 940 collapsis
464 902 606 933 omnibus

280 949 371 988 plene
395 950 576 987 reparatur,

194 1021 201 1028 .
229 995 377 1027 Floribus
401 994 598 1026 Hierusalem

277 1041 520 1081 Honorificatur,

233 1088 393 1120 Justorum
416 1088 599 1127 patrociniis

233 1135 428 1173 Propulsatis
452 1134 553 1165 noxiis

281 1180 447 1212 Sanctitati
475 1181 576 1214 datur,

202 1276 208 1282 .
235 1251 281 1282 Te
306 1253 442 1288 coronat,
468 1250 516 1281 vir
540 1249 705 1288 propheta,

282 1296 476 1328 Secretorum
502 1296 652 1337 conscius,

237 1343 320 1375 Cleri
346 1343 439 1374 decus
465 1345 496 1373 et
519 1342 647 1381 athleta,

283 1389 433 1421 Veritatis
457 1389 594 1426 nuntius,

238 1436 296 1474 Qui
317 1435 474 1467 ministrat
497 1434 555 1466 tibi
580 1435 663 1467 laeta

282 1482 416 1513 Munera
440 1481 611 1519 sublimius,

237 1530 324 1560 Tuae
347 1530 440 1560 sortis
467 1528 590 1560 clausus
614 1529 697 1558 meta

284 1575 330 1606 Te
354 1574 436 1613 beat,
465 1574 638 1606 Petronius.

201 1647 207 1655 .
240 1622 417 1654 Gratiarum
444 1621 533 1652 donis
559 1620 642 1653 freta

285 1668 367 1700 Prae
390 1668 451 1699 tuis
479 1667 675 1699 consortibus

236 1715 291 1753 Te,
317 1715 466 1753 Bononia,
495 1715 533 1746 de
558 1714 652 1745 caelis

284 1761 356 1793 Lux
377 1761 490 1792 lustrat
515 1761 694 1793 virtutibus,

207 1858 213 1864 .
240 1830 349 1863 Carnis
373 1831 493 1870 spicam

288 1880 481 1917 contemptus
506 1885 580 1909 area

239 1925 377 1956 Domans
402 1926 527 1956 sanctus

285 1970 319 2001 in
342 1970 430 2010 virga
454 1969 566 2008 ferrea,

240 2018 285 2050 Ut
308 2026 437 2056 granum
461 2026 575 2055 purum

287 2072 417 2096 excussa
439 2064 541 2102 palea,

241 2110 293 2142 Sic
317 2111 429 2142 summi
453 2111 535 2149 regis

288 2158 386 2189 intrat
409 2157 441 2188 in
466 2156 589 2191 horrea.

203 2232 209 2238 .
240 2204 319 2236 Vivo
343 2204 419 2243 pani
441 2207 543 2235 morte
563 2205 689 2243 junctus

241 2251 314 2282 Vita
338 2251 417 2283 vivit
440 2251 505 2282 vita
529 2249 664 2284 functus,

208 2349 215 2357 .
240 2322 290 2354 Ile
314 2330 403 2353 sacro
427 2321 600 2353 ministerio

286 2369 450 2403 Petronius
475 2369 527 2401 hic
551 2368 645 2401 satiat

895 221 1034 253 Turbam
1062 222 1179 255 Christi
1203 220 1389 258 famelicam,

943 268 979 300 In
1004 268 1057 300 via
1079 276 1119 300 ne
1145 266 1279 307 deficiat,

898 316 965 347 Iter
987 315 1101 354 pandit
1125 315 1165 346 ad
1190 314 1322 353 gloriam

944 361 989 394 Et
1011 361 1096 394 vitae
1119 362 1203 392 viam
1228 360 1371 399 ampliat.

859 435 866 443 .
896 409 958 440 Pro
983 410 1092 447 spreta
1115 407 1224 439 mundi
1249 407 1358 438 tunica.

944 454 1005 487 Est
1028 454 1156 486 indutus
1182 454 1292 494 gloria,

898 502 956 534 Cui
982 500 1135 540 Christus,
1161 508 1233 540 spes
1258 500 1360 538 unica,

945 547 1010 580 Dat
1033 547 1204 579 ineffabilia

945 594 987 626 Se
1009 598 1042 626 et
1063 604 1122 626 sua
1145 594 1269 634 gaudia..

993 736 1037 767 In
1061 733 1287 767 Laudibus.

1038 816 1234 853 Antiphonae.

866 910 872 917 .
899 885 1014 917 Beatus
1038 884 1204 916 Petronius

946 932 1009 963 Pro
1033 931 1123 963 nobis
1148 930 1335 970 intercedat,

901 978 966 1017 Quo
992 978 1084 1010 beato
1109 977 1238 1017 praevio

901 1025 984 1056 Vero
1011 1025 1084 1056 dato
1108 1024 1249 1064 praemio

950 1072 1056 1104 Omnis
1081 1071 1179 1110 pestis
1205 1071 1306 1102 cedat.

870 1152 876 1159 .
904 1127 965 1158 Hic
991 1128 1141 1158 creaturis
1165 1127 1311 1165 imperat,

902 1174 961 1212 Qui
985 1174 1074 1205 nutui
1098 1173 1277 1212 subiecerat

951 1221 992 1251 Se
1014 1222 1114 1251 totum
1138 1220 1299 1259 creatoris,

902 1266 1062 1305 Quidquid
1087 1266 1180 1297 laesit
1204 1267 1391 1306 adversitas,

903 1312 942 1344 In
967 1321 1060 1352 aegro
1089 1316 1178 1345 sanat
1203 1313 1356 1344 sanctitas

950 1358 1051 1398 Hujus
1077 1360 1121 1398 pii
1146 1360 1293 1398 pastoris.

872 1440 879 1447 .
904 1415 967 1446 Hic
992 1415 1093 1447 carnis
1119 1416 1322 1455 supercilium

953 1462 1030 1501 Legi
1054 1462 1189 1502 subjecit
1212 1462 1354 1502 spiritus,

905 1508 1059 1540 Mundum
1084 1509 1159 1540 vicit
1184 1512 1215 1540 et
1239 1510 1349 1541 vitium

954 1555 994 1587 Se
1016 1556 1097 1587 victo
1122 1555 1224 1588 victor
1247 1556 1385 1588 inclitus

873 1635 880 1642 .
906 1609 1093 1643 Sacerdotes
1116 1610 1188 1651 Dei,

952 1658 1053 1689 Deum
1079 1658 1258 1690 benedicite

907 1704 945 1736 In
970 1705 1082 1736 collato
1108 1705 1198 1737 nobis

953 1751 1088 1791 glorioso
1115 1753 1238 1792 comite,

910 1796 985 1829 Cum
1012 1799 1163 1830 creaturis
1189 1800 1330 1831 omnibus

954 1853 1040 1885 voce,
1065 1854 1158 1877 manu
1182 1847 1335 1887 plaudite,

907 1890 948 1921 Ei
971 1894 1007 1923 ut
1027 1892 1210 1935 jungamini,

952 1939 1016 1977 jam
1040 1940 1180 1971 moribus
1206 1940 1350 1981 satagite.

877 2021 882 2027 .
907 1993 971 2025 Hic
993 1994 1108 2027 divinis
1129 1995 1277 2028 laudibus

954 2042 1115 2073 Ardenter
1139 2043 1307 2075 insistebat

906 2086 950 2118 Et
977 2087 1016 2119 de
1040 2089 1161 2120 collatis
1186 2090 1328 2121 omnibus

957 2134 1082 2166 Gratias
1107 2135 1231 2176 agebat,

910 2180 1022 2213 Verbis
1044 2184 1139 2221 atque
1160 2183 1298 2216 moribus

954 2227 1058 2260 Deum
1080 2229 1299 2271 benedicebat,

908 2273 1024 2307 Sacrae
1050 2276 1133 2309 vitae
1154 2277 1299 2315 passibus

909 2321 1005 2353 Velut
1029 2325 1162 2355 ostensis
1188 2323 1321 2364 dapibus

956 2368 1084 2402 Plebem
1108 2371 1289 2406 inducebat.
