1652 2615
165 1363 195 1394 4.

163 1609 194 1640 ἵ).

146 2034 185 2065 A.

697 152 928 188 -·49—

194 268 202 275 .
233 244 314 284 Spes
341 245 517 284 desperatis

282 293 319 321 ut
341 292 395 330 sis,
421 292 478 330 pia
500 291 572 324 fons
597 293 757 334 bonitatis,

232 336 379 368 Praestat
403 339 445 370 ad
470 348 562 370 omne
587 343 671 371 tuum

275 391 311 413 sc
335 384 394 416 tibi
419 385 504 416 velle
527 386 624 425 pium.

318 496 363 527 ln
390 496 619 532 Laudibus.

368 571 561 605 Antiphonae.

196 649 203 656 .
229 625 324 657 Felix
350 630 382 657 te
405 630 516 665 partus
542 629 653 668 edidit,

228 673 290 704 Per
319 682 412 713 quam
437 675 554 706 mundo
580 683 614 707 se
636 676 779 708 reddidit

233 719 315 763 Vita,
336 720 391 759 qui
416 724 529 752 cuncta
555 722 707 766 condidit,

228 766 300 798 Tibi
326 767 421 799 matri
446 776 481 799 se
505 769 659 809 subdidit,

275 813 299 845 O
325 814 439 847 Maria.

191 894 198 901 .
226 869 353 902 Summa
377 870 463 902 vitae
487 871 636 904 nobilitas

225 917 327 955 Fecit,
354 918 415 950 hoc
440 921 489 950 est
514 918 683 962 humilitas,

223 964 266 996 Et
294 964 402 997 divina
425 965 613 1006 benignitas,

225 1012 314 1051 Quod
339 1014 429 1043 tanta
453 1012 512 1044 tibi
539 1013 686 1054 dignitas,

275 1058 299 1090 O
324 1059 440 1092 Maria.

190 1140 195 1145 .
223 1115 349 1147 Laudes
376 1119 406 1147 et
431 1119 536 1155 grates
563 1115 698 1158 debitas,

223 1163 307 1201 Quas
333 1166 443 1194 nostra
466 1162 577 1202 pangit
597 1163 750 1201 parvitas,

224 1209 291 1241 Tuo
318 1213 391 1241 nato
417 1207 469 1240 fac
493 1209 637 1249 placitas,

222 1256 298 1288 Cum
324 1265 384 1296 quo
409 1256 440 1287 in
469 1256 564 1288 coelis
589 1255 724 1296 habitas,

270 1303 295 1336 O
320 1303 444 1335 Maria.-

220 1361 258 1393 In
283 1362 324 1402 te,
351 1369 442 1401 quam
470 1360 697 1399 benedicimus,

219 1407 346 1441 Christo
371 1408 497 1440 laudem
522 1407 713 1447 perficimus,

211 1456 272 1488 Per
289 1463 381 1494 quem
400 1455 485 1494 dare,
505 1463 584 1494 quae
602 1455 770 1495 poscimus,

219 1503 267 1534 Te
295 1511 389 1541 posse
413 1503 676 1542 recognoscimus,

266 1550 290 1583 O
316 1549 430 1582 Maria.

221 1607 340 1640 Creans
367 1609 480 1638 cuncta
506 1606 658 1638 divinitus

221 1654 281 1686 Est
306 1662 402 1685 carne
429 1654 469 1685 de
493 1657 525 1685 te
550 1652 684 1692 genitus,

219 1703 257 1734 In
283 1710 371 1740 spem
399 1704 430 1731 et
454 1701 554 1732 laetos
581 1700 683 1731 exitus

222 1750 424 1781 commutans
453 1750 578 1779 nostros
603 1747 746 1789 gemitus,

219 1797 298 1828 Tam
326 1796 366 1827 de
390 1798 478 1826 terra
502 1803 594 1833 quam
620 1794 750 1825 coelitus

218 1843 314 1876 Hunc
336 1842 447 1874 laudet
472 1841 572 1873 omnis
597 1841 740 1881 spiritus,

267 1891 292 1924 O
317 1888 433 1922 Maria.

332 1974 378 2001 Ad
398 1974 583 2001 Benedictus.

217 2033 265 2064 Te
290 2032 380 2072 virga
404 2040 484 2062 nuce
506 2030 639 2071 gravida

271 2080 391 2121 Signat,
419 2087 499 2118 quae
524 2077 612 2117 prius
638 2076 731 2117 aruit,

218 2128 256 2160 In
283 2135 345 2165 qua
371 2135 410 2158 ex
435 2126 542 2157 Adam
567 2123 678 2155 tabida

266 2174 346 2206 Caro
372 2175 483 2204 nostra
508 2170 659 2211 rei-Ioum,

220 2220 346 2253 Christo
372 2222 521 2260 surgente
545 2216 654 2250 vivida

267 2267 431 2300 scandens
456 2266 561 2298 coelos
587 2263 747 2305 apparuit,

218 2314 311 2348 Nunc
335 2321 432 2354 super
457 2314 554 2345 solem
583 2310 754 2351 splendida

266 2362 338 2395 Jam
363 2360 422 2393 toti
447 2360 563 2392 mundo
589 2357 712 2397 claruit,

314 2408 339 2440 O
369 2408 483 2441 Maria.

209 2469 229 2491 D
234 2475 246 2490 r
252 2475 265 2491 e
271 2474 286 2491 v
293 2472 331 2494 οε,
347 2466 469 2492 Historiae
483 2464 637 2495 rhythmicae.
666 2463 707 2486 IV.

975 246 1021 278 In
1048 246 1079 277 2.
1108 246 1320 285 Vesperis.

1032 310 1077 338 Ad
1097 310 1275 346 Magnificat.

837 360 877 391 A.
907 359 1014 392 Mater
1038 359 1099 391 Dei
1124 363 1156 390 et
1180 359 1323 399 hominis,

911 406 955 439 Ut
977 416 1043 447 nos,
1071 407 1123 445 qui
1148 406 1194 437 tui
1219 406 1353 438 nominis

956 454 1018 485 Hic
1041 454 1161 492 agimus
1186 454 1377 493 memoriam,

956 501 1008 532 Ad
1031 501 1254 539 sempiternam
1279 501 1410 540 gloriam

911 547 985 578 Post
1009 547 1100 585 hujus
1125 548 1209 579 vitae
1234 548 1400 579 terminum

908 594 1076 631 Perducat,
1102 603 1158 625 ora
1180 593 1361 634 Dominum,

955 640 1044 671 Tunc
1068 640 1159 671 nobis
1184 641 1246 672 tuis
1272 640 1397 673 famulis

954 686 1056 718 Detur
1082 696 1149 717 cum
1176 688 1293 719 sanctis
1317 688 1436 728 angelis

906 734 951 766 Et
975 738 1078 765 tecum
1103 734 1148 764 tui
1173 732 1230 764 filii

906 780 1001 812 Dulci
1025 780 1178 819 adspectu
1202 778 1335 819 perfrui.

954 827 978 859 O
1003 827 1119 859 Maria.

1005 901 1073 928 Alia
1091 901 1269 936 Antiphona.

908 949 1013 981 Imber
1038 950 1116 981 coeli
1141 953 1173 980 te
1199 950 1359 989 compluit,

907 996 1068 1034 supernus
1094 1006 1145 1028 ros
1171 999 1202 1027 te
1225 996 1348 1038 imbuit,

906 1043 1033 1074 Summa
1057 1043 1158 1075 virtus
1183 1044 1331 1083 excoluit,

954 1089 998 1120 Et
1021 1090 1183 1129 protulisti
1205 1088 1324 1132 florem,

905 1137 966 1168 Per
991 1145 1082 1175 quem
1109 1137 1218 1175 homo,
1246 1137 1296 1176 qui
1325 1138 1452 1180 conuit,

906 1183 1038 1221 Recepit
1062 1191 1100 1214 ac
1124 1183 1263 1214 reinduit

903 1228 1120 1271 Splendidius,
1148 1239 1240 1270 quam
1263 1231 1382 1263 habuit.

950 1276 1107 1309 Virtutem
1135 1281 1166 1309 et
1191 1278 1346 1318 decorem,

997 1325 1022 1357 O
1047 1324 1160 1357 Maria.

1043 1401 1249 1436 Responsoria.

844 1450 873 1483 1.
895 1450 991 1489 Fons,
1018 1449 1103 1481 unde
1127 1448 1212 1481 salus
1237 1446 1376 1488 profluit.

901 1498 989 1538 Quae
1012 1496 1121 1528 mundi
1146 1496 1249 1528 scelus
1275 1495 1384 1533 abluit,

902 1545 969 1584 Qua
995 1544 1081 1576 Deus
1105 1544 1138 1574 in
1163 1551 1198 1575 sc
1222 1542 1335 1575 tribuit

949 1591 1042 1631 Spem
1068 1591 1153 1622 vitae
1177 1590 1349 1631 peccatori,

901 1640 1098 1677 Interpellet,
1123 1646 1215 1677 quern
1240 1638 1357 1677 genuit,

902 1686 961 1725 Qui
985 1688 1117 1725 propter
1140 1693 1197 1716 nos
1222 1694 1283 1716 non
1308 1688 1412 1715 renunt

903 1733 982 1773 Pati,
1009 1732 1138 1764 tandem
1163 1731 1313 1762 sustinuit

949 1779 1095 1812 Pendens
1121 1778 1154 1809 in
1180 1786 1274 1809 cruce
1298 1779 1388 1816 mori,

862 1855 869 1861 .
902 1826 1016 1858 Inclita
1040 1826 1199 1857 coelorum

949 1873 1069 1914 regina,
1095 1875 1230 1913 patrona
1255 1879 1389 1904 reorum,

870 1959 876 1964 .
900 1931 1016 1969 Maria,
1043 1930 1138 1961 stella
1159 1927 1340 1967 splendida,

949 1979 1012 2011 Per
1044 1985 1137 2016 quam
1160 1976 1278 2008 mundo
1303 1975 1449 2018 innotuit,

1000 2025 1067 2056 Lux
1094 2032 1168 2055 vera
1193 2023 1288 2062 plena
1312 2022 1438 2062 gaudio,

1045 2071 1114 2103 Lux
1140 2070 1246 2102 nescia
1262 2070 1450 2109 crepusculi,

898 2120 1069 2158 Tamquam
1093 2118 1125 2149 in
1149 2117 1233 2149 nube
1259 2117 1396 2149 candida

950 2166 986 2199 In
1012 2168 1067 2197 tua
1092 2173 1186 2197 carne
1208 2165 1302 2196 latuit

998 2212 1111 2245 Procul
1137 2212 1221 2244 omni
1248 2211 1392 2250 contagio

1043 2260 1221 2299 Conceptus
1245 2260 1355 2290 auctor
1379 2266 1450 2289 sae-

1228 2306 1299 2346 culi,

829 2355 868 2389 V.
899 2356 978 2388 Inde
1004 2363 1083 2388 novo
1108 2357 1202 2394 partu

951 2403 1041 2442 quasi
1073 2402 1119 2433 sol
1145 2400 1285 2441 prodivit
1311 2400 1343 2431 in
1369 2403 1449 2433 ortu,

1263 2457 1283 2486 4
