1652 2615
708 152 754 156 —
803 129 847 166 76
899 150 940 156 -,

587 223 633 255 25.
664 223 705 253 De
723 221 979 254 praesentatione
998 222 1083 254 BHV.

317 296 361 327 In
390 294 419 327 1.
447 294 661 333 VesperiS.

392 367 582 403 Antiphonae.

217 451 224 457 .
250 425 334 456 Fons
359 424 519 456 hortorum

297 470 476 502 redundans
499 470 609 511 gratia,

249 517 402 548 Mundum
427 517 552 555 replens

294 563 370 594 caeli
397 562 587 594 muneribus.

247 609 352 641 Mater
375 609 434 640 Dei

292 655 464 687 fecundans
489 655 600 697 omnia,

248 702 313 734 Nos
340 704 517 734 instaurans

293 750 436 789 supernis
461 748 597 790 sedibus,

250 795 383 827 Florens
407 796 524 836 hortus,

294 852 366 874 mox
390 842 429 873 ab
453 840 586 873 infantia

250 889 453 920 Admirandis

297 935 386 967 fulsit
406 934 586 968 virtutibus,

217 1016 224 1022 .
250 991 334 1022 Rore
359 991 502 1022 caelestis
527 991 647 1030 gratiae

296 1038 335 1069 111
360 1039 448 1069 utero
473 1036 683 1077 perfunditur,

250 1084 349 1116 Tersa
373 1083 489 1115 fomitis
515 1084 597 1114 carie

301 1131 345 1163 Ut
368 1131 460 1161 stella
482 1130 651 1170 splendens
675 1130 784 1160 oritur.

195 1188 224 1218 3.
251 1187 280 1216 A
305 1187 364 1224 piis
388 1185 571 1224 parentibus

298 1232 385 1263 Votis
408 1232 577 1271 impetrata

248 1278 370 1318 Templi
401 1278 613 1318 penetralibus

299 1325 360 1356 Est
383 1325 476 1356 trima
501 1325 614 1356 dicata.

195 1383 227 1413 4.
254 1380 393 1412 Tantilla
416 1380 565 1420 puellula,

300 1427 474 1458 Virtutibus
499 1428 684 1466 exemplum,

254 1472 349 1504 Nulla
373 1472 456 1505 freta
479 1474 588 1514 gerula

299 1520 453 1551 Ascendit
475 1522 506 1551 in
532 1522 689 1559 templum.

200 1578 212 1593 ἵ
221 1602 228 1608 .
253 1575 388 1607 Erudita

298 1622 404 1661 puella
429 1623 514 1662 regia

254 1667 488 1707 Contemplatur

1037 290 1083 317 Ad
1102 290 1279 326 Magnificat.

849 348 888 380 A.
920 347 1030 380 Novae
1053 348 1156 379 laudis

968 396 1060 426 adest
1083 394 1250 433 festivitas,

922 439 1024 472 Grata
1043 440 1159 471 mundo

965 495 1003 517 ac
1027 486 1106 516 caeli
1131 484 1261 524 civibus,

920 532 987 570 Qua
1010 533 1123 564 beatae

966 580 1088 612 Mariae
1112 578 1264 610 sanctitas

919 626 1050 666 Templo
1077 626 1152 657 data

967 677 1015 704 est
1038 681 1058 703 a
1081 671 1276 712 parentibus,

919 720 965 752 Ut
988 720 1091 752 olivae

966 766 1092 806 pinguis
1114 765 1253 797 suavitas

921 812 1056 845 Uberius

965 860 1124 892 redundet
1149 857 1313 890 fructibus,

942 964 1003 995 Ad
1033 962 1374 1002 Completorium.

1008 1036 1052 1064 Ad
1072 1037 1158 1064 Nunc
1178 1036 1310 1063 dimittis.

883 1119 890 1126 .
922 1094 1010 1126 Evae
1037 1102 1189 1133 praeceps
1214 1092 1374 1124 temeritas

968 1141 1012 1172 Et
1031 1140 1131 1172 fastus
1148 1140 1297 1171 mundum
1315 1138 1467 1179 perdidit,

922 1187 984 1218 Sed
1009 1187 1131 1219 Mariae
1154 1187 1315 1218 humilitas

970 1233 1086 1265 Salutis
1111 1233 1246 1264 fructum
1272 1233 1381 1266 edidit.

986 1336 1047 1367 Ad
1070 1336 1335 1368 Matutinum.

1057 1411 1271 1437 Invitatorium.

923 1467 1013 1498 Votis
1038 1469 1069 1497 et
1094 1467 1221 1499 vocibus

970 1513 1149 1545 Laudantes
1173 1513 1342 1545 Dominum

924 1560 1078 1591 Instemus
1101 1560 1250 1593 laudibus

973 1607 1110 1646 Virginis
1134 1608 1301 1647 virginum.

300 1718 403 1747 mente
429 1716 585 1755 caelestia,
990 1710 1033 1741 In
1058 1711 1088 1744 1.
1114 1710 1170 1742 No
1181 1713 1337 1742 cturn0.

257 1761 394 1793 Caritate
1131 1786 1138 1791 .

298 1807 432 1849 flagrant
455 1810 651 1848 praecordia.
1069 1784 1263 1848 Antiphon-ae.
1332 1843 1338 1848 ¹

215 1882 222 1888 .
253 1855 437 1887 Recolamus
893 1868 901 1875 .
928 1842 966 1872 In
990 1842 1141 1880 templum
1165 1841 1226 1874 Dei
1249 1842 1400 1882 gradibus

300 1902 429 1942 virginis
458 1902 569 1933 inclita
970 1888 1033 1918 Ter
1057 1888 1159 1926 quinis
1185 1892 1254 1919 erat
1277 1889 1392 1931 aditus,

255 1949 302 1978 AG
324 1949 470 1981 miranda
925 1934 1006 1971 Quos
1031 1935 1144 1965 nesciis
1168 1936 1352 1974 parentibus

299 1995 426 2027 laudum
449 1996 617 2034 praecoma
970 1980 1127 2012 Ascendit
1150 1980 1231 2013 fulta
1256 1982 1396 2014 caelitus.

252 2039 411 2073 Infantilis
867 2038 897 2068 2.
924 2036 1013 2067 Nihil
1036 2036 1224 2068 insolentiae

971 2083 1067 2123 Virgo
1092 2085 1331 2126 praetendebat,

928 2129 990 2160 Sed
1015 2130 1070 2161 lux
1094 2131 1268 2169 sapientiae

971 2177 1008 2208 In
1032 2176 1103 2215 ipsa
1126 2176 1276 2217 fulgebat.

869 2234 899 2265 3.
924 2232 976 2263 Ex
1000 2231 1112 2264 affectu
1136 2234 1272 2273 simplici

971 2279 1142 2311 Cernentes
1166 2281 1321 2323 hortatur,

927 2325 989 2357 Sed
1015 2335 1054 2357 ex
1077 2335 1187 2365 gressu
1209 2330 1346 2370 supplici

971 2372 1040 2404 Deo
1069 2371 1247 2412 famulatur,

301 2087 413 2119 aetatis
435 2088 548 2119 merita

253 2134 298 2165 Et
322 2134 446 2165 virtutis

301 2184 390 2220 grata
413 2181 595 2220 primordia.

183 2229 223 2260 V.
255 2228 374 2259 Radiat
397 2229 499 2267 gratia

301 2275 371 2306 Jam
395 2274 428 2305 in
451 2275 600 2315 puellula,

253 2321 296 2353 Et
320 2322 475 2362 sapientia.

302 2368 414 2410 Fulget
439 2369 471 2400 in
495 2369 637 2409 parvula.
