1652 2615
689 133 941 169 —136-

246 229 358 273 Nobis,
381 230 479 270 virgo,
504 230 551 263 sie
573 229 690 268 largire

247 279 344 311 Caute
368 281 497 309 mortem
521 276 717 317 praevenire,

245 325 289 357 Ut
312 324 410 364 ipsius
438 324 521 355 docti
546 331 632 353 more

246 371 423 402 Serviamus
449 379 517 401 cum
542 369 664 401 timore.

305 491 362 522 Ad
387 489 651 521 Matutinum.

374 562 588 589 Invitatorium.

244 620 292 651 De
316 619 420 651 Maria,
443 627 547 659 regem
572 622 678 650 natum

237 667 413 698 Adoremus
440 667 630 706 captivatum

238 713 281 744 Et
305 723 362 752 pro
387 713 477 744 nobis
503 713 701 744 trucidatum.

298 836 344 867 In
372 833 401 865 1.
429 833 651 866 Nocturno.

206 934 211 940 .
236 908 303 939 Nos
329 911 360 939 te
383 907 484 938 Deum
510 908 724 947 deprecamur,

236 956 437 987 Incarnatum
462 962 552 993 quem
577 955 735 993 miramur,

238 1001 366 1032 Passum
392 1008 483 1031 cruce
506 1008 700 1033 veneramur.

205 1100 211 1106 .
238 1075 343 1114 Virgo,
370 1077 456 1105 tuum
478 1077 619 1106 sanctum
643 1079 749 1107 natum

236 1121 356 1152 Scimus
381 1122 480 1160 spinis
506 1125 686 1153 coronatum

235 1168 278 1199 Et
300 1177 359 1207 pro
384 1168 474 1198 nobis
498 1168 692 1208 virgizatum.

202 1266 208 1273 .
236 1242 330 1279 Cujus
356 1243 458 1272 exstat
482 1242 580 1273 omnis
605 1242 701 1282 orbis,

235 1287 295 1318 Est
314 1297 373 1326 pro
390 1290 505 1319 nostris
521 1296 632 1327 passus
648 1288 776 1326 morbis,

234 1334 304 1375 Ora,
332 1335 430 1373 virgo,
455 1334 539 1365 hunc
561 1343 619 1372 pro
644 1335 744 1368 nobis.

368 1434 571 1469 Responsoria.

200 1527 206 1533 .
234 1499 277 1531 Ut
300 1502 343 1541 tu,
370 1499 468 1539 virgo,
494 1499 592 1531 filium

232 1546 407 1585 percepisti
431 1547 593 1578 venditum

231 1592 275 1623 Et
298 1593 428 1625 Judaeis
457 1594 606 1624 scelerum

232 1639 377 1670 Vinctum
402 1648 509 1670 manus
534 1641 695 1678 traditum,

229 1684 399 1717 Fremuisti
423 1686 525 1718 animo

231 1732 312 1763 Prae
337 1731 445 1763 dolore
465 1733 571 1771 nimio,

230 1779 305 1810 Plus
329 1787 421 1818 quam
446 1779 512 1811 ulla
534 1778 632 1811 filium

229 1826 362 1865 Planget
388 1828 489 1856 mater
512 1829 679 1861 mortuum.

192 1898 198 1904 .
229 1871 321 1903 Dona
341 1871 431 1903 nobis
455 1873 619 1911 paenitere

229 1918 272 1949 Et
293 1921 424 1957 peccata
447 1922 555 1950 nostra
578 1918 664 1953 flere.

195 2019 201 2024 .
229 1991 303 2022 Sine
326 1994 418 2031 spina
441 1994 555 2026 rubens
580 2003 662 2037 rosa,

228 2038 266 2069 In
289 2039 405 2070 virtute
430 2041 565 2079 eopiosa,

230 2085 325 2123 Quem
349 2088 384 2116 ut
407 2086 476 2117 sine
498 2087 643 2127 genuisti,

227 2131 306 2162 Tum
329 2139 388 2165 vae
411 2141 521 2173 magno
543 2134 726 2173 adspexisti,

227 2179 304 2211 Cum
333 2178 462 2210 videbas
487 2181 570 2212 hunc
592 2181 723 2221 ligatum

224 2225 269 2257 Et
292 2228 438 2264 praetore
461 2230 712 2269 praesentatum3

185 2302 191 2308 ‚
224 2272 322 2304 Nemo
347 2272 433 2304 valet
457 2275 589 2306 edocere

225 2319 325 2351 Tuum
351 2320 498 2359 amplum,
526 2320 767 2363 quodfiabebaS,

223 2368 307 2399 Dum
331 2367 463 2400 videbas
485 2369 569 2401 hune
590 2369 732 2410 ligatum.

860 230 892 260 3.
919 229 997 261 Cum
1019 229 1151 262 videbas
1173 229 1273 262 filium

965 277 1060 316 virgis
1084 275 1248 317 flagellari⁷

916 322 1044 365 Scimus,
1073 323 1155 362 quod
1181 323 1341 361 optaveris

961 370 1030 408 tibi,
1058 369 1154 408 virgo,
1183 369 1253 400 dari

913 414 951 446 In
977 418 1063 446 tuum
1087 415 1250 445 remissius

960 461 1043 500 quod
1070 461 1284 499 dimitteren's,

913 507 957 538 Ut
979 515 1038 546 pro
1062 507 1133 546 ipso
1160 506 1295 538 verbera

958 554 991 585 in
1014 556 1047 585 te
1070 552 1245 594 patereris3

873 624 879 631 .
910 601 940 631 A
965 601 1073 632 dolore
1096 600 1192 632 inferi

956 656 1013 679 nos
1038 646 1123 678 ferre
1148 647 1295 687 digneris,

909 694 1041 726 Tantam
1070 703 1138 726 cum
1162 693 1351 725 maestitiam

956 741 990 772 in
1014 745 1046 773 te
1070 741 1236 780 patereris.

969 825 1015 856 In
1042 826 1072 856 2.
1099 824 1325 857 Nocturno.

1049 884 1242 919 Antiphonae.

875 960 880 966 .
907 936 988 967 Prae
1013 937 1131 967 cunetis
1155 936 1334 968 hominibus

953 981 1055 1014 forma
1079 984 1253 1022 speciosum

906 1029 1091 1069 Adspexisti
1115 1028 1214 1061 filium

954 1076 1049 1116 virgis
1074 1078 1304 1119 sanguinosum‚

906 1122 996 1154 Istud
1021 1125 1107 1154 tuum
1133 1126 1269 1155 animum

952 1168 1029 1200 fecit
1053 1169 1240 1201 dolorosum.

872 1245 881 1254 .
905 1222 1007 1255 Natus
1034 1226 1106 1256 tuus
1133 1226 1283 1268 colaphis,

951 1270 1048 1310 virgo,
1074 1271 1245 1303 tribulatur

904 1315 1084 1348 Tribulatos
1108 1319 1210 1357 gratia

948 1371 1005 1394 sua
1028 1364 1082 1402 qui
1105 1365 1235 1403 solatur,

902 1408 984 1440 Dum
1008 1418 1114 1441 eorum
1135 1411 1282 1451 precibus

947 1457 1018 1496 pius
1045 1457 1220 1492 invocatur.

868 1534 875 1541 .
901 1511 1025 1544 Memor
1050 1516 1125 1555 esto,
1154 1514 1290 1554 domina,

947 1560 1032 1590 vasis
1056 1559 1240 1601 Babylonis,

903 1604 947 1635 Ut
969 1615 1026 1637 nos
1051 1607 1104 1645 pie
1130 1608 1243 1639 doceas

947 1653 1029 1683 viam
1054 1654 1184 1685 rationis

900 1698 1035 1737 Propter
1058 1701 1104 1731 tui
1128 1700 1185 1732 filii

947 1746 1060 1777 vulnus
1083 1748 1250 1786 passionis.

1036 1810 1243 1846 Responsoria.

867 1880 874 1886 .
901 1855 982 1888 Dum
1008 1866 1113 1889 coram
1134 1860 1256 1898 ,iudicio

947 1903 1039 1936 Jesus
1069 1906 1296 1939 condemnatur

900 1950 1011 1989 Iniqua
1035 1954 1199 1993 sententia,

945 2000 979 2027 ut
1004 1997 1214 2041 crucifigatur,

898 2041 1052 2075 Simeonis
1077 2046 1200 2085 gladius

945 2093 1019 2121 tunc
1044 2093 1238 2133 evaginatur,

898 2136 943 2169 Ut
964 2137 997 2167 in
1021 2140 1106 2169 tuam
1131 2141 1276 2181 animam,

943 2184 1041 2224 virgo,
1066 2184 1226 2226 infigatur.

859 2256 866 2263 .
897 2230 959 2262 Per
983 2239 1074 2270 quem
1099 2237 1167 2264 erat,
1188 2235 1290 2267 Israel

943 2280 1044 2309 morte
1068 2280 1279 2322 redimendus,

896 2322 995 2356 Foras
1021 2328 1110 2358 extra
1136 2328 1261 2361 ducitur

944 2380 1039 2403 eruce
1060 2377 1311 2414 suspendendus
