1652 2615
695 144 953 179 -203—

187 237 218 269 2.
245 238 289 269 Hi
313 240 396 278 sunt,
423 247 553 278 quorum
579 240 612 271 in
637 240 788 279 sanguine

293 285 377 324 Agni
403 285 503 316 stolae
526 286 683 326 lavantur,

247 331 307 370 Qui
330 332 363 363 in
389 334 570 363 sanctorum
595 333 718 373 agmine

292 378 447 410 Feliciter
470 379 630 411 laetantur

242 425 423 465 Magnoque
448 426 660 457 consolamine

292 471 475 504 Gaudentes
502 474 701 505 coronantur.

202 543 209 550 .
243 518 410 551 Caelicolis
431 520 534 559 juncti

291 575 360 597 cum
387 566 512 598 Christo
536 575 611 606 rege
634 565 777 597 beantur.

208 647 215 654 .
242 623 280 655 In
306 631 400 653 manu
424 622 485 653 Dei
510 621 647 653 vindicis

290 668 372 700 Sunt
395 668 520 699 animae
543 671 735 705 sanctorum,

243 715 326 754 Quas
350 723 414 746 non
438 713 572 746 flectunt
596 711 753 745 carnificis

291 762 417 794 Genera
440 764 678 799 tormentorum,

291 809 378 842 Sorti
404 809 519 840 dantur
540 809 718 848 Justorum3

204 884 210 890 .
242 856 390 889 Percussi
415 856 521 895 gladio

292 903 509 935 conscendunt
528 910 624 941 regna
640 900 794 939 polorum.

308 1035 355 1066 ln
379 1036 411 1067 2.
438 1033 664 1065 Nocturno.

388 1117 583 1152 Antiphonae.

209 1202 216 1209 .
241 1175 451 1215 Hermogenis
475 1174 531 1213 pia
553 1180 649 1213 prece

242 1222 385 1254 Daemon
410 1220 492 1261 fugit,
516 1223 548 1251 et
572 1230 591 1252 a
614 1226 693 1251 nece

291 1269 426 1302 Pellitur
454 1268 624 1307 puellulae.

208 1353 215 1360 .
242 1326 352 1358 Solum
377 1324 479 1356 Deum
505 1324 609 1355 colere

243 1374 397 1412 idolaque
421 1379 583 1411 spernere,

290 1420 408 1452 Volunt
430 1421 504 1449 voto
529 1417 601 1457 pari

288 1466 397 1499 Sancti
423 1464 577 1496 coronari.

206 1549 213 1557 .
240 1523 403 1561 Martyres
426 1521 460 1552 in
483 1520 545 1552 Dei
570 1520 676 1551 monte

244 1569 359 1601 Satiati
380 1569 465 1600 vitae
488 1566 578 1599 fonte

288 1615 448 1648 Habitant
473 1623 540 1646 cum
565 1613 675 1654 gloria.

376 1707 583 1742 Responsoria.

208 1801 214 1809 .
239 1776 277 1808 In
300 1783 396 1807 unum
420 1773 567 1805 habitare

242 1823 464 1861 Christumque
488 1820 676 1860 praedicare

239 1870 299 1902 His
325 1869 448 1901 exstitit
470 1868 644 1907 jucundum

238 1918 283 1950 Et
306 1917 353 1948 sic
377 1916 539 1948 vincentes
563 1913 714 1946 mundum

241 1965 322 1997 Sunt
344 1963 432 2004 passi
456 1972 519 1995 non
543 1962 636 1995 inviti

236 2013 370 2052 Deoque
392 2013 468 2042 sunt
489 2011 582 2051 uniti,

196 2087 203 2095 .
234 2060 327 2093 Idola
350 2060 526 2090 temnentes

285 2106 418 2147 gladiali
440 2105 504 2138 fine
527 2104 631 2145 potiti.

203 2193 209 2198 .
235 2164 343 2197 Morte
367 2163 478 2203 procul
503 2164 624 2194 remota

284 2210 445 2243 Justitiam
469 2219 531 2242 non
557 2209 741 2249 pavescunt,

234 2259 373 2297 Dempta
396 2258 521 2298 peccati
544 2260 621 2289 nota

283 2305 400 2337 Mundi
423 2305 508 2337 mala
533 2306 747 2345 compescunt,

236 2353 374 2392 Quorum
398 2356 523 2385 sacrata
547 2356 620 2386 vota

284 2399 491 2441 Nequaquam
516 2401 718 2433 evanescunt.

855 241 892 273 V.

867 345 897 377 3.

852 622 889 655 V.

862 960 891 992 1.

922 240 1069 281 Purgatis
1094 238 1205 269 animis

970 287 1055 319 felici
1080 293 1160 324 pace
1185 285 1356 324 quiescunt.

923 344 974 375 Ex
998 341 1164 374 mundanis
1187 341 1366 381 opprobriis

969 390 1076 422 Sancti
1101 397 1183 419 nunc
1207 388 1368 432 abstracti,

921 437 966 469 Et
990 437 1041 476 qui
1066 435 1230 467 tormentis
1256 436 1362 476 variis,

967 484 1030 516 Hic
1056 482 1183 514 fuerant
1207 481 1361 514 confracti

921 531 1071 562 Amoenis
1096 529 1234 568 gaudent
1258 530 1346 561 atriis

969 577 1084 608 Divino
1109 576 1175 607 zelo
1200 577 1295 617 tacti3

919 623 1004 654 Hinc
1030 625 1064 655 in
1090 622 1193 654 deriso

969 672 1044 701 sunt
1068 669 1120 701 hie
1143 670 1327 708 spectacula
1349 670 1437 703 facti.

980 801 1027 832 In
1054 802 1084 833 3.
1112 799 1339 835 Noeturno.

1067 892 1261 926 Antiphonaer

919 959 1018 991 Notas
1043 958 1121 990 fecit
1143 958 1296 991 Dominus

966 1006 1083 1037 sanctis
1108 1006 1175 1037 vias
1200 1006 1295 1046 vitae,

922 1053 1004 1091 Quos
1027 1052 1132 1092 replet
1154 1053 1276 1084 laetitia

968 1100 1071 1131 laudis
1095 1098 1246 1131 infinitae.

921 1164 1011 1195 Haec
1036 1167 1084 1196 est
1105 1165 1275 1206 generatio,

969 1212 1054 1250 Quae
1078 1210 1179 1242 Deum
1205 1212 1369 1251 quaesivit,

920 1257 1005 1296 Quae
1032 1257 1134 1290 carnis
1159 1258 1314 1297 supplicio

970 1305 1098 1337 Caelum
1120 1305 1274 1337 introivit.

920 1371 1082 1410 Martyres
1107 1370 1278 1410 gloriantes

919 1418 964 1449 Et
984 1418 1018 1449 in
1041 1418 1109 1449 Deo
1133 1417 1288 1449 laet-antes

968 1466 1030 1497 Pro
1055 1463 1145 1496 nobis
1172 1463 1330 1496 Christum
1356 1469 1448 1498 orent

967 1512 1012 1543 Et
1037 1511 1157 1544 veniam
1183 1511 1362 1551 implorent,

1057 1605 1105 1632 Re:
1111 1606 1263 1640 ;p0nsoria.

888 1697 894 1703 .
922 1671 1047 1703 Palmas
1071 1670 1178 1703 ferunt
1202 1673 1349 1713 martyrii

970 1718 1046 1750 Cum
1074 1718 1227 1757 triumphi
1251 1720 1375 1751 vexillis

920 1765 990 1805 His,
1018 1766 1070 1805 qui
1094 1765 1227 1796 salutem
1250 1766 1433 1807 impetrant,

965 1812 1124 1852 provectis
1150 1816 1182 1845 et
1202 1814 1337 1854 pusillis,

919 1859 978 1898 Qui
1003 1860 1093 1892 nobis
1118 1860 1220 1891 locum
1245 1865 1438 1900 praeparent

965 1907 998 1938 in
1024 1906 1152 1939 sedibus
1176 1908 1373 1950 tranquillis3

918 1953 971 1986 Sic
995 1955 1050 1986 lux
1076 1955 1231 1993 caelestis,

965 2003 1012 2033 sic
1035 2002 1138 2042 gratia
1162 2000 1264 2042 fulget
1286 2003 1321 2034 in
1344 2003 1421 2036 illis.

919 2068 943 2101 O
969 2071 1143 2108 martyrum
1166 2069 1309 2109 victoria,

966 2117 1101 2149 Vincens
1126 2116 1354 2155 Victorianum,

918 2163 943 2196 Ο
966 2164 1019 2204 qui
1045 2164 1173 2196 caelesti
1197 2164 1299 2204 gloria
1317 2203 1325 2209 .

965 2211 1128 2251 Gaudetis,
1157 2211 1230 2242 date
1253 2220 1378 2242 manum

918 2259 1117 2298 AdJ'utricem
1141 2267 1200 2297 pro
1227 2258 1341 2300 patria,

964 2307 1048 2339 Hinc
1071 2305 1226 2345 pellentes
1252 2303 1437 2344 profanum:

847 2353 885 2386 V.
914 2354 968 2385 Ad
993 2356 1107 2385 statum
1133 2361 1243 2383 sanum

964 2399 1131 2440 perducite
1153 2402 1259 2430 mente
1285 2408 1445 2435 vesanum,
