1652 2615
689 131 922 167 228-

163 230 201 265 V.
235 227 361 262 Summe
385 232 476 270 pater
500 228 629 270 gloriae,
906 227 1025 266 Corpus
1051 234 1142 260 suum

281 277 400 317 Corpus
429 277 475 308 tui
499 277 563 308 nati
952 274 1107 305 ministrat
1133 272 1296 305 ferculum.

234 325 338 356 Vestis
364 326 411 354 est
435 322 617 362 munditiae,

278 371 344 409 Qua
368 379 472 400 sumus
497 369 609 400 renati.
1016 367 1093 399 Per
1117 365 1263 396 Horas.

180 446 211 477 3.
238 444 317 476 Vive
341 444 442 485 panis,
469 442 521 482 qui
548 442 666 473 divisus
1037 430 1083 456 Ad
1101 429 1238 455 Primam.

277 493 380 521 tamen
404 498 467 520 non
493 488 656 528 divideris,
837 487 877 519 A.
912 486 1042 525 Quando
1068 487 1194 517 sumunt
1216 484 1386 517 Dominum

234 537 292 576 Qui
318 544 387 567 cum
409 538 516 566 sancto
539 534 654 573 spiritu
679 536 711 564 et
951 532 1016 563 Hic
1039 540 1129 572 unus,
1153 532 1200 562 ibi
1224 531 1321 570 mille,

279 585 370 622 patre
395 591 490 613 unum
515 581 666 619 crederis,
909 579 1063 618 Quantum
1089 578 1183 609 turba
1208 578 1353 618 plurium,

232 630 269 660 In
291 633 323 660 te
343 629 409 668 uni,
435 637 493 668 per
516 630 549 658 te
569 629 664 670 muni,
953 625 1088 657 Tantum
1113 625 1207 656 sumit
1231 625 1297 658 ille.

281 685 358 715 quos
382 684 444 706 uno
465 682 548 716 pane
570 673 685 706 reficis.
1047 699 1093 726 Ad
1111 699 1136 726 Τ
1163 700 1190 725 4.

165 724 203 756 V.
237 723 325 762 Quod
350 723 382 754 in
407 722 497 753 nobis
522 721 655 761 habitas,
988 756 994 762 .
1138 707 1164 726 ‘³¹
1182 707 1248 726 1am.

281 770 410 801 verbum
434 777 507 800 caro
532 768 649 800 factum
836 757 878 789 A.
903 757 1087 789 Hostiarum
1112 757 1253 787 cumulus

234 816 284 848 Ex
308 816 413 848 Maria
435 815 588 856 nasceris,
653 795 661 810 ⁷
953 803 1127 835 Multarum
1153 804 1226 834 dUm
1252 807 1406 843 sacratur,

280 872 360 902 quae
384 862 444 893 vim¹
469 862 568 893 nescit
593 864 721 893 tactum.
909 850 980 882 ΝΟΠ
1005 850 1062 881 SUb
1088 849 1197 881 f01'miS
1217 850 1361 889 Pluribus

956 897 1099 929 Christus
1123 896 1361 938 multiplicatur.

177 940 208 971 4.
236 937 260 969 O
274 946 361 976 spem
373 937 494 980 miram,
515 945 607 975 quam
621 936 676 968 dat
687 936 708 968 J
711 943 780 966 esus

281 983 351 1015 Suis
374 983 480 1023 largus
502 982 639 1022 famulis,
1053 971 1099 997 Ad
1117 970 1245 998 sextam.

235 1030 315 1062 Olim
342 1038 461 1070 caesus,
486 1038 569 1062 nunc
592 1030 722 1061 illaesus
836 1028 877 1059 A.
910 1026 1034 1059 Effectu
1058 1030 1185 1059 sumunt
1208 1027 1296 1061 vario

285 1078 359 1109 Cum
391 1076 542 1108 ministris
567 1076 686 1116 angelis
953 1073 1073 1113 Impius
1099 1077 1131 1105 et
1151 1074 1266 1114 justu5‚

232 1124 330 1155 Vivus
354 1126 468 1166 manet,
495 1124 637 1163 quamvis
662 1130 732 1153 esus
908 1121 943 1152 In
968 1121 1071 1159 primo
1095 1129 1191 1160 mors,
1215 1121 1251 1152 in
1275 1121 1338 1152 alio

287 1171 349 1203 Hic
372 1170 405 1200 in
429 1169 653 1201 tabernaculis.
952 1166 1013 1199 Est
1037 1167 1142 1199 vitalis
1167 1170 1285 1207 gustus

166 1218 201 1250 V.
236 1217 366 1248 Invitati
391 1214 573 1247 festinemus

282 1264 333 1294 Ad
357 1263 441 1302 regis
464 1263 673 1302 praesentiam
1050 1250 1096 1277 Ad
1116 1250 1240 1277 Nonam.

235 1309 278 1340 Et
302 1318 360 1349 pro
386 1309 467 1340 datis
491 1309 581 1341 nobis
605 1308 702 1348 gratis
839 1309 878 1339 A.
912 1308 1100 1339 Masticatur
1124 1307 1277 1339 Dominus

282 1356 348 1387 Sibi
372 1356 541 1387 reddamus
566 1356 707 1395 gratiam.
956 1354 1024 1385 Nec
1050 1354 1230 1398 dilaniatur,

909 1402 1039 1440 Semper
1063 1403 1169 1433 manet
1192 1401 1324 1440 solidus,

324 1469 369 1500 In
393 1467 609 1500 Laudibus
956 1447 1033 1479 Cum
1058 1448 1181 1488 species
1206 1447 1382 1487 frangatur,

348 1532 440 1567 Super
455 1531 598 1559 Psalmos.

164 1590 204 1623 A.
241 1590 320 1621 Vere
346 1589 440 1628 digna
464 1589 566 1621 hostia

235 1636 330 1676 Deus,
358 1644 470 1675 corpus
496 1639 528 1667 et
551 1636 664 1676 anima,

976 1561 1024 1592 In
1048 1563 1081 1594 2.
1109 1560 1328 1600 Vesperis.

1023 1625 1068 1651 Ad
1086 1623 1265 1659 Magnificat.

235 1683 356 1715 Natura
382 1683 507 1723 duplex,
534 1682 710 1714 substantia
835 1682 875 1713 A.
910 1682 934 1714 Ο
959 1682 1050 1720 panis
1076 1681 1294 1721 eucharistiae,

236 1730 342 1773 Trina,
367 1738 544 1770 personona
568 1730 670 1760 unica.
956 1728 1050 1760 Cibus
1072 1728 1225 1768 sanitatis,

907 1775 982 1807 Pius
1008 1776 1099 1807 dator
1123 1776 1242 1815 veniae,

349 1812 394 1840 Ad
413 1814 595 1840 Benedictus.
956 1823 1071 1861 Calpas
1095 1823 1169 1854 laxa
1190 1822 1299 1863 gratis,

165 1871 204 1903 A.
239 1869 429 1902 Benedictus
908 1869 999 1901 Pacis
1025 1872 1057 1899 et
1082 1869 1270 1900 concordiae

281 1917 420 1949 salvator
444 1916 602 1949 hominum
953 1915 1052 1947 Donis
1079 1913 1269 1947 confirmatis

235 1962 380 1995 Salutare
906 1963 1018 1994 Finem
1044 1961 1096 1993 fac
1118 1962 1274 2000 miseriae,

282 2010 360 2048 ipsis
386 2010 463 2041 dans
488 2010 613 2049 epulum
953 2009 1021 2042 Nos
1044 2009 1141 2049 junge
1162 2008 1275 2040 beatis.

240 2092 359 2128 Antiph.
381 2101 434 2119 ms.
453 2092 582 2120 Lueidae
600 2093 695 2120 Vallis
715 2101 791 2120 saec.
815 2090 858 2119 14.
889 2093 960 2120 Cod.
982 2091 1186 2119 Oai'olsruhan.
1200 2092 1296 2120 Licht.
1314 2091 1358 2121 15.
1371 2095 1406 2121 A.
1419 2107 1457 2112 —

163 2131 247 2158 Brev.
280 2139 330 2157 ms.
362 2130 492 2158 Lucidae
520 2130 614 2157 Vallis
645 2138 718 2158 saec.
749 2129 792 2158 14.
839 2130 907 2157 Ood.
934 2129 1140 2158 Carolsruhan.
1164 2129 1260 2157 Licht,
1289 2127 1334 2157 34.
1359 2132 1393 2158 Β.
1421 2147 1457 2151 -

166 2169 249 2196 Brcv.
275 2177 326 2195 ms.
348 2167 625 2196 Giinthersthalense
644 2176 717 2195 saec.
740 2166 783 2195 15.
824 2167 893 2194 Coti.
914 2167 1117 2195 Carolsruhan.
1137 2166 1192 2194 Gru.
1215 2167 1241 2194 7.
1263 2166 1293 2194 C.
1313 2184 1352 2188 —
1373 2170 1457 2196 Brev.

165 2215 217 2233 ms.
249 2206 466 2233 Benedictinum
492 2213 566 2233 saec.
590 2202 632 2232 15.
673 2205 742 2232 cod.
770 2205 973 2233 Oarolsruhan.
999 2205 1068 2232 Geo.
1098 2203 1123 2232 6.
1150 2205 1187 2231 D.
1206 2221 1245 2225 —-
1266 2204 1383 2233 Collect.
1404 2215 1456 2234 ms.

165 2244 341 2271 Hamelense
361 2251 436 2271 saec.
459 2241 502 2271 13.
537 2243 605 2270 Cod.
625 2244 832 2270 Hannoveran.
853 2243 868 2270 I
890 2242 941 2270 101
963 2243 989 2269 d.
1011 2242 1075 2269 add.
1096 2250 1170 2269 saec.
1194 2241 1237 2270 15.
1251 2242 1287 2270 E.
1311 2258 1343 2262 —
1356 2245 1392 2271 In
1406 2244 1457 2272 der

168 2280 192 2308 1.
208 2282 317 2317 Vesper
336 2281 438 2309 stehen
456 2283 519 2309 vier
532 2279 579 2306 ΑΑ
600 2289 686 2316 super
698 2281 756 2314 Ps„
775 2289 834 2308 von
853 2281 945 2308 denen
963 2281 1032 2307 aber
1045 2281 1093 2307 die
1107 2279 1168 2306 drei
1184 2280 1291 2308 letzten
1304 2283 1458 2317 prosaisch

165 2320 239 2347 sind.
264 2335 301 2339 —
325 2320 361 2347 In
387 2319 437 2346 der
463 2317 489 2345 2.
510 2319 642 2346 Nocturn
668 2318 732 2345 sind
756 2319 803 2346 die
829 2318 889 2345 drei
919 2320 1014 2346 ersten
1043 2316 1089 2344 ΑΑ
1110 2318 1269 2354 prosaisch.
1297 2333 1332 2337 —-
1352 2320 1388 2347 In
1408 2319 1459 2348 der

165 2355 191 2385 3.
212 2357 342 2385 Noetum
362 2358 402 2385 ist
420 2358 467 2384 die
488 2355 509 2383 Α
530 2356 567 2383 acl
588 2356 708 2384 Cantica
726 2356 889 2391 prosaisch:
914 2357 937 2384 O
958 2364 1070 2384 sacrum
1091 2357 1256 2385 convivium
1278 2358 1331 2384 ete.
1352 2373 1388 2377 —-
1411 2357 1457 2385 Ad

164 2395 271 2423 Bened.
291 2394 323 2430 Α,
345 2394 365 2422 4
382 2395 460 2431 Ipsis
480 2395 607 2422 salutare
625 2394 685 2422 AB.
704 2408 741 2412 —-
761 2394 827 2431 Vgl.
846 2394 934 2421 Mone
952 2394 976 2429 Ι,
997 2391 1051 2421 262
1070 2393 1098 2420 ff.
