1652 2615
693 155 937 195 —102-

180 253 254 281 trina
282 253 388 282 clamat
405 254 439 281 A.
465 270 503 274 —
526 251 546 280 R
569 252 598 287 1,
626 252 643 282 5
666 252 830 289 Vulgariter
848 253 921 281 haec
939 254 979 286 A,
1009 254 1054 282 ια]
1078 263 1096 282 a
1114 253 1187 283 haec
1205 252 1265 283 BD.
1286 268 1324 273 ——-
1353 251 1372 279 R
1397 251 1426 287 1,
1448 248 1465 278 6

181 299 293 327 semper
311 292 384 320 fehlt
392 291 477 319 ABD.
492 307 528 311 —
543 290 563 318 R
584 290 609 325 2,
630 290 647 319 5
668 291 786 318 Gratiae
806 291 885 318 cultu
904 292 938 318 A.
958 306 995 310 —
1008 262 1090 319 1113
1103 293 1206 320 Noct.
1227 290 1248 317 R
1263 290 1290 325 2,
1305 290 1322 319 9
1335 291 1465 318 Psanen-

179 329 251 355 tium
267 329 326 356 AB.
347 344 384 348 -—
409 327 429 354 R
450 326 483 362 3,
502 328 522 356 4
540 329 584 355 Ad
611 329 702 356 turbis
723 328 755 354 A.
776 343 813 347 —
835 326 855 353 R
876 325 906 361 3,
929 327 945 355 9
969 328 1137 364 Completur
1157 331 1215 357 AB<
1238 343 1270 347 —
1292 329 1334 356 In
1355 327 1465 355 Laud.

179 364 201 390 Α
224 365 254 398 1,
274 364 294 393 4
314 368 390 393 omni
418 367 536 400 spiritus
556 366 588 392 B.
610 380 645 384 —
666 363 688 391 Α
709 364 740 397 3,
761 362 778 391 3
797 365 951 399 procedere
970 365 1006 391 A.
1026 380 1064 385 —
1082 366 1127 392 Ad
1147 366 1253 393 Bened.
1275 365 1312 398 Α,
1336 363 1350 392 1
1371 366 1466 392 Mater

174 402 222 436 jus
244 402 374 430 deificum
391 402 430 434 X,
452 403 591 429 Maternis
613 401 745 429 deificum
766 402 796 428 B.
817 415 853 419 —
873 402 947 429 Ibid.
969 400 986 427 2
1007 403 1127 437 praebet
1147 404 1179 428 Β.
1199 417 1237 422 -—
1257 402 1330 429 Ibid.
1352 401 1370 429 4
1384 409 1464 437 prae-

179 439 321 467 sidentiae
340 441 373 467 A.
393 454 430 460 ——
449 439 521 466 Ibid.
542 438 559 466 5
581 440 726 466 causative
744 439 780 465 X.
802 454 839 458 -
858 439 931 466 Ibid.
953 438 978 464 7.
999 440 1065 466 Hoc
1084 442 1256 474 apparenter
1275 441 1406 474 sequitur
1425 439 1465 471 133

177 477 212 503 ob
233 476 300 506 hoe,
330 476 459 512 sequimi·
478 476 573 503 fehlen
592 478 626 503 A.
647 489 683 494 —-
704 474 743 502 In
762 473 788 501 2.
808 476 914 511 Vesp.
936 475 981 503 Ad
1001 476 1097 510 Magn.
1120 479 1157 508 Α,
1183 475 1196 503 1
1216 476 1406 510 Principium.
1428 490 1466 494 —

175 513 269 540 Iliun
295 514 342 540 die
367 514 518 548 Hymnen:
544 514 579 540 In
607 512 631 540 1.
660 513 746 547 Vesp.
770 513 806 540 In
824 513 948 540 Mariam
974 514 1053 540 vitae
1079 514 1157 540 viam
1177 512 1281 544 (Morel
1307 510 1354 547 87)
1379 513 1462 539 oder:

176 549 262 577 Salve
300 559 406 585 sponsa
437 550 494 577 Dei
524 549 621 582 (Anal.
649 550 706 582 XI,
739 548 801 584 49)3
834 550 869 577 ad
898 551 996 578 Noeta
1030 550 1054 578 O
1088 550 1197 577 Christi
1228 552 1320 577 mater
1354 550 1465 577 coelica

174 586 271 620 (Mone
294 588 335 620 Π,
365 585 428 621 118)
452 587 531 615 oder:
568 588 654 615 Sator
680 589 811 615 aeternus
836 591 964 624 tempore
990 590 1097 615 statuto
1123 588 1217 622 (Anal,
1242 588 1300 620 XI,
1327 586 1391 622 49);
1429 587 1465 614 ad

176 624 305 651 Laudes:
327 625 370 652 De
390 633 471 652 sacro
491 625 676 653 tabernaculo
696 624 793 659 (Mone
811 625 850 658 Π,
874 623 937 659 116)
958 625 1038 652 oder:
1059 626 1196 661 Ingressa
1215 625 1329 652 domum
1352 625 1464 660 placide

176 659 272 697 (Anal.
284 662 350 695 ΧΠ,
372 661 430 696 60);
453 663 484 688 in
498 660 522 688 2.
538 663 624 698 Vesp.
638 663 721 690 Mens
742 663 869 689 elevetur
889 665 962 690 mira
982 663 1201 698 contemplando
1214 663 1310 694 (Anal.
1326 663 1392 697 ΧΠ,
1406 661 1461 697 60),

599 752 645 783 32.
670 752 711 784 De
733 752 920 784 Visitatione
942 752 1028 784 BMV.

308 817 354 849 In
379 818 410 850 1.
435 818 651 856 Vesperis.

384 871 576 907 Antiphonae.

190 919 220 952 1.
244 919 367 951 Devota
391 919 527 951 visitatio

291 966 449 1005 Benignae
473 967 582 997 matiis
607 966 667 998 Dei

243 1012 371 1044 Festiva
396 1013 563 1044 consolatio

288 1058 467 1090 Praesentis
492 1057 528 1089 fit
554 1060 625 1091 diei.

189 1115 219 1146 2.
247 1114 362 1147 Lilium
388 1114 574 1145 convallium

296 1161 455 1199 Fragrans
480 1160 512 1191 in
537 1161 662 1192 odorem

248 1206 344 1238 Ornat
368 1207 429 1237 iter
455 1207 604 1238 montium

291 1253 376 1285 Caeli
405 1251 506 1284 ferens
530 1252 648 1287 florem.

188 1309 218 1341 3.
243 1308 411 1339 Paradisus
438 1309 585 1339 caelicurn

292 1355 443 1386 Fiuctum
467 1354 627 1395 afferebat,

246 1400 404 1432 Gravidae
430 1401 482 1439 qui
506 1400 604 1433 filium

290 1446 411 1479 Gaudio
437 1448 588 1486 replebat.

186 1504 217 1536 4.
243 1501 316 1533 Sion
338 1506 469 1534 matrem
493 1503 595 1544 visita,

288 1548 403 1588 Mater,
430 1552 461 1579 et
483 1558 625 1581 veracem

243 1595 351 1626 Totius
376 1596 550 1628 Jerusalem

287 1641 374 1673 Pone
398 1640 475 1673 fines
500 1652 619 1681 pacem.

353 1706 398 1732 Ad
416 1706 594 1741 Mag-nificat.

170 1750 211 1780 A.
240 1749 415 1781 Benedicta

283 1799 383 1826 mater
410 1795 444 1826 in
467 1796 597 1840 virgine,

235 1841 385 1873 Fructum
408 1840 511 1874 ferens

284 1888 386 1920 Deum
408 1888 442 1920 in
467 1889 600 1929 homine,

240 1934 391 1967 Revelata

286 1990 375 2012 sacro
400 1981 569 2019 spiramine

238 2026 420 2058 Exsultavit

290 2073 454 2112 praedulci
480 2076 625 2108 ca1mine.

302 2148 363 2179 Ad
387 2147 648 2182 Matutinum,

368 2203 580 2230 Invitatorium.

240 2250 325 2282 Caeli
350 2252 488 2292 reginam
513 2251 631 2291 gloriae

283 2298 406 2338 Venite,
432 2298 606 2340 adoremus,

234 2344 371 2376 Matrem
396 2344 631 2378 misericordiae

281 2391 402 2425 Devote
421 2392 610 2425 invocemus.

634 2279 641 2294 7

971 819 1017 849 In
1045 820 1074 851 1.
1100 818 1333 850 Noenu-no.

1056 902 1249 937 Antiphonae.

856 968 885 999 1.
914 968 1033 1000 Cuncta
1056 971 1147 1007 pater
1171 968 1236 1000 filio

961 1013 1097 1053 Virginis
1122 1015 1257 1055 subjecit

911 1059 962 1091 Ex
985 1059 1115 1092 infantis
1140 1062 1253 1101 gaudio

960 1106 1162 1147 Laudemque
1186 1107 1330 1148 perfecit.

880 1187 887 1193 .
914 1162 967 1194 Sol
991 1163 1023 1194 in
1049 1164 1251 1196 tabernaculo

959 1208 1040 1240 Solis
1065 1211 1229 1250 illucescit,

911 1254 1049 1295 Sponsus
1075 1257 1147 1288 dum
1171 1259 1204 1289 in
1228 1258 1366 1290 thalamo

958 1301 1100 1340 Sponsae
1125 1305 1302 1344 requiescit.

881 1383 888 1390 .
912 1357 998 1389 Rore
1023 1360 1100 1390 caeli
1128 1360 1306 1399 germinans

959 1404 1059 1436 Terra
1087 1407 1274 1439 salvatorem

913 1449 981 1482 Refi
986 1452 1029 1482 cit
1052 1455 1266 1492 quaerentium

960 1497 1210 1533 Generationem.

878 1578 884 1584 .
910 1553 990 1593 Regi
1016 1557 1101 1586 stans
1127 1557 1166 1588 ad
1194 1557 1355 1589 dexteram

958 1601 1062 1632 Variis
1088 1603 1205 1643 regina,

913 1646 1003 1689 Vide,
1030 1649 1112 1688 regis
1136 1648 1213 1692 filia,

959 1694 1077 1725 Aurem
1103 1700 1133 1726 et
1157 1697 1283 1730 inclina.

876 1774 883 1781 .
909 1750 970 1781 Dei
994 1751 1239 1794 tabernaculum,

956 1796 1045 1835 Quod
1069 1799 1287 1838 sanctificavit,

908 1843 958 1875 Ex
982 1847 1014 1876 te
1037 1844 1111 1876 laeti
1136 1846 1272 1886 impetus

954 1890 1107 1923 Fluminis
1137 1894 1285 1925 manavit.

876 1972 883 1979 .
908 1946 1054 1978 Lucerna
1077 1956 1151 1980 vero
1174 1949 1291 1981 lumine

955 1992 1164 2032 Resplenduit
1188 2005 1332 2037 accensa,

908 2039 973 2077 Quo
999 2043 1108 2072 nostra.
1132 2042 1261 2082 dragma
1285 2045 1431 2083 perditae

955 2085 1095 2120 Naturae
1119 2091 1166 2119 est
1189 2090 1326 2123 inventa..

1043 2193 1247 2229 Responsoria.

874 2283 881 2289 .
907 2257 1075 2291 Elisabeth
1100 2264 1133 2291 ut
1158 2263 1273 2304 virgini

954 2304 1104 2338 Senectus
1127 2315 1359 2355 praesentatur,

908 2351 1015 2383 Salute
1038 2354 1133 2392 plena
1157 2359 1266 2398 populi

954 2398 1085 2439 Salutat,
1112 2405 1318 2448 amplexatur,
