1652 2615
743 168 1002 205 —165—

358 263 419 294 Ad
443 263 708 298 Matutinum.

428 356 643 386 Invitatorium.

292 422 467 462 Regentem
491 425 559 456 sine
583 424 646 457 fine

294 469 453 502 Christum
478 472 645 504 adoremus

291 517 474 558 Mentisque
501 520 669 552 dulcedine

292 564 417 596 Mariae
438 566 619 605 Jubilemus.

355 705 400 737 In
426 706 456 739 1.
483 706 711 741 Nocturno.

431 800 627 836 Antiphonae.

258 890 265 897 .
292 866 400 909 Virgo,
426 867 495 900 Deo
519 869 712 909 plenissima,

292 914 345 945 Ad
371 923 428 946 nos
452 918 505 947 tua
529 917 691 955 praesidia

292 960 486 1001 Misericors,
512 963 652 1002 propitia

293 1006 458 1049 Converte,
484 1013 595 1041 sancta
616 1010 731 1042 Maria.

257 1099 263 1104 .
291 1073 337 1104 Te
361 1075 552 1114 genetricem
577 1076 777 1115 splendidam

291 1119 484 1153 Confitemur
509 1125 540 1153 et
564 1123 687 1154 unicam

290 1168 451 1199 Aeternae
475 1169 658 1209 sapientiae,

289 1213 404 1256 Maria,
431 1218 464 1246 tu
489 1225 545 1247 nos
570 1216 703 1255 respice.

231 1283 237 1292 ‘
256 1306 261 1312 .
287 1279 427 1320 Deterge
450 1283 560 1312 nostra
583 1282 714 1313 crimina

289 1326 394 1358 Corda
417 1336 532 1359 sanans
555 1329 746 1370 languentia,

288 1373 345 1406 Cui
369 1383 465 1414 aegra
490 1376 604 1407 clamat
630 1376 751 1407 anima:

287 1420 452 1460 Succurre,
479 1425 589 1454 sancta
612 1423 727 1457 Maria.

422 1515 627 1551 Responsoria.

251 1605 256 1613 .
286 1581 310 1613 Ο
340 1590 412 1621 spes
439 1582 556 1623 divina,

333 1629 386 1661 via
409 1632 486 1672 tuta,
513 1633 626 1669 potens
651 1631 818 1671 medicina,

284 1674 419 1716 Porrige
441 1677 583 1708 subsidia

332 1724 467 1763 miseris,
493 1733 511 1755 o
539 1727 649 1755 sancta
673 1724 789 1765 Maria,

246 1794 253 1802 .
287 1770 324 1802 In
349 1774 382 1802 te
406 1771 589 1813 gaudemus,

334 1826 392 1857 per
416 1820 449 1849 te
470 1818 636 1850 commissa
662 1819 813 1851 dolemus.

251 1906 258 1913 .
284 1883 356 1916 Lux
380 1884 575 1927 indeficiens,

334 1932 516 1964 venerabile
540 1932 627 1964 sidus
654 1934 686 1963 et
708 1933 828 1973 ingens,

285 1979 439 2011 illucesce
464 1980 518 2019 pia

333 2027 524 2069 relevandiS,
552 2029 662 2059 sancta
685 2026 801 2069 Maria,

243 2098 251 2106 .
282 2075 447 2108 Praeduce
476 2078 509 2106 te
532 2075 669 2114 patriam

330 2123 489 2155 tendimus
514 2123 555 2155 ad
581 2131 738 2162 superam.

250 2214 257 2221 .
285 2190 309 2222 O
337 2190 474 2222 clemens
501 2189 638 2231 domina,

331 2246 404 2277 spes
431 2236 672 2277 desperantibus
697 2246 769 2275 una,

286 2284 456 2325 Culparum
479 2285 573 2318 venia

331 2332 518 2373 largissima,
547 2332 636 2372 virgo
662 2331 777 2371 Maria,

241 2404 249 2411 .
281 2380 343 2412 Per
365 2382 398 2411 te
423 2381 574 2420 vivamus,

332 2427 374 2459 ad
399 2429 432 2458 te
453 2436 512 2467 per
536 2430 569 2459 te
593 2426 764 2465 veniamus,

1034 268 1080 299 In
1106 268 1137 299 2.
1163 266 1390 299 Nocturno.

1113 341 1306 377 Antiphonac.

916 400 946 433 1.
972 399 1088 439 Quibus
1113 402 1154 438 te,
1178 400 1278 439 virgo,
1303 399 1449 431 laudibus

971 446 1129 478 Attollere
1153 447 1336 486 poterimus,

971 493 1109 532 Quorum
1132 493 1261 524 sordent
1287 493 1411 532 eloquia

969 539 1013 571 Et
1036 543 1134 579 actus,
1160 542 1269 571 sancta
1292 540 1407 572 Maria.

913 596 943 628 2.
970 596 1117 628 Emunda
1141 597 1373 636 conscientiam,

971 643 1132 685 Oonserya
1158 644 1379 683 innocentiam,

969 689 1082 722 Fidem
1106 691 1139 721 in
1163 690 1254 721 nobis
1279 690 1403 730 robora,

972 737 996 769 O
1022 736 1183 768 theotocos
1208 737 1325 770 Maria.

914 795 945 826 3.
971 793 1096 825 Mentes
1120 796 1245 825 nostras
1271 793 1434 826 sanctifica

970 840 1156 879 Tranquilla
1185 840 1304 871 donans
1330 843 1483 881 tempora,

970 887 1166 926 Misericors,
1192 886 1334 929 pacifica,

971 934 995 966 O
1021 934 1183 965 theotocos
1207 934 1322 967 Maria.

1105 1027 1309 1062 Responsoria.

913 1094 941 1125 1.
970 1094 1054 1125 Vera
1077 1093 1136 1125 Dei
1162 1094 1314 1135 genetrix,

1015 1141 1170 1171 humanae
1194 1141 1304 1179 stirpis
1329 1140 1474 1178 amatriX‚

966 1187 1018 1218 Ex
1042 1189 1074 1217 te
1094 1187 1219 1225 justitia

1014 1234 1180 1272 processit,
1207 1236 1315 1264 sancta
1339 1233 1454 1272 Maria,

899 1280 935 1313 V.
965 1281 1051 1320 Quae
1077 1280 1224 1312 damnum
1248 1282 1388 1321 reparat,

1015 1327 1099 1367 quod
1112 1327 1215 1366 prima
1223 1336 1364 1367 propago
1376 1330 1517 1366 pararat.

909 1385 940 1417 2.
968 1384 993 1416 Ο
1020 1384 1098 1415 caeli
1124 1386 1227 1423 porta,

1012 1440 1094 1462 nova
1117 1439 1190 1470 spes
1215 1430 1401 1462 mortalibus
1426 1433 1506 1470 orta,

966 1478 1046 1517 Duc,
1072 1476 1191 1517 refove,
1218 1486 1296 1509 sana

1012 1528 1230 1564 properantes,
1257 1527 1367 1556 sancta
1391 1525 1506 1564 Maria,

895 1572 932 1605 V.
963 1573 1015 1604 Ad
1040 1575 1073 1603 te
1093 1572 1290 1611 respicimus,

1013 1628 1105 1659 quam
1130 1622 1198 1651 tota
1220 1621 1326 1650 mente
1351 1620 1484 1651 sitimus.

909 1678 938 1709 3.
967 1676 1108 1714 Oramus,
1136 1675 1271 1715 domina,

1015 1723 1117 1754 carnis
1144 1731 1221 1762 quos
1248 1722 1360 1754 crebra
1385 1723 1477 1754 ruina

966 1770 1079 1801 Allicit
1103 1769 1144 1800 ad
1169 1769 1257 1809 vitia,

1014 1817 1146 1856 releves,
1177 1825 1195 1848 o
1222 1819 1332 1848 sancta
1354 1817 1469 1851 Maria.

896 1864 933 1897 V.
965 1864 1065 1896 Parce
1088 1863 1191 1895 libens
1215 1864 1349 1904 miseris,

1014 1920 1093 1951 quae
1120 1914 1303 1943 cunctorum
1329 1912 1498 1944 misereris.

1029 2036 1076 2067 In
1104 2036 1134 2068 3.
1162 2034 1388 2066 Nocturno.

1109 2119 1304 2155 Antiphonae.

910 2188 940 2220 1.
968 2187 1089 2228 Gaude,
1115 2189 1225 2219 nostra
1249 2187 1454 2225 sollemnitas,

968 2235 1089 2273 Gaude,
1116 2244 1199 2267 nova
1220 2234 1413 2275 jucunditas,

968 2283 992 2316 Ο
1017 2281 1075 2314 flos
1099 2281 1210 2314 florem
1237 2281 1427 2320 concipiens,

967 2331 991 2363 O
1018 2339 1091 2362 rosa
1115 2338 1222 2361 rosam
1247 2329 1386 2370 pariens,

967 2378 1030 2409 Per
1054 2380 1086 2408 te
1109 2385 1198 2408 mens
1223 2379 1333 2407 nostra
1354 2376 1492 2416 gaudeat

965 2425 1010 2457 Et
1040 2425 1073 2456 in
1097 2426 1167 2458 Deo
1191 2422 1348 2455 refloreat.
