1652 2615
687 141 917 175 „35-

610 280 655 310 28.
685 278 718 309 In
740 276 887 307 illatione
908 276 994 307 BMV.

299 371 343 401 In
370 369 401 401 1.
429 367 646 406 Vesperis.

368 439 560 476 Antiphonae.

176 501 206 532 1.
232 500 331 531 Decet
354 497 452 530 Deum
479 495 658 527 collaudare

276 545 409 576 Mariam
433 551 504 574 mox
528 539 689 581 infantem,

229 593 286 631 Qui
311 590 447 622 sterilem
473 589 616 619 habitare

277 639 314 670 In
341 638 430 668 domo
457 635 511 666 dat
532 635 709 666 laetantem.

176 695 206 727 2.
233 694 294 725 Per
318 701 407 732 quam
429 690 645 723 misericordia

274 739 334 770 Est
356 737 482 770 Domini
506 736 640 777 firmata,

230 789 390 818 Annorum
415 793 472 824 per
498 784 626 815 exordia

279 832 333 862 Fit
359 831 425 864 Deo
452 831 605 863 dedicata.

177 890 209 921 3.
233 888 317 919 Deus
341 891 412 918 tuus
435 887 468 918 in
494 886 647 917 saeculum

279 934 359 973 Hoc,
386 932 457 964 Sion
483 933 535 971 qui
558 931 710 973 regnabit,

234 980 429 1018 Virginitatis
446 979 606 1017 speculum

276 1027 423 1057 Illaesum
449 1025 654 1059 conservabit.

176 1085 210 1115 4.
234 1083 357 1114 Novam
378 1080 465 1112 Deus
487 1079 634 1111 aedificat

280 1128 454 1159 Jerusalem
478 1127 509 1157 in
536 1128 641 1164 caelis,

231 1175 399 1214 Dispersos
426 1174 499 1205 dum
522 1172 671 1205 laetificat

279 1221 378 1252 Filios
404 1220 540 1251 Israelis.

179 1280 207 1310 5.
233 1277 326 1308 Seras
349 1275 424 1307 Sion
448 1274 638 1306 confortavit

278 1322 364 1353 Deus
389 1324 463 1352 ‘tunc
487 1324 657 1362 portarum,

234 1369 317 1401 Dum
341 1369 374 1399 in
397 1367 514 1406 templo
539 1367 715 1406 acceptavit

285 1415 399 1446 Munus
422 1417 484 1445 tam
511 1414 716 1452 praeclarum.

166 1472 206 1504 R.
233 1471 348 1502 Matris
372 1470 425 1500 lae
449 1470 520 1501 dum
544 1477 655 1508 sugere

285 1516 442 1547 infantula
463 1516 527 1554 jam
555 1518 664 1554 cesset,

234 1563 390 1595 Mundum
413 1562 516 1601 coepit
537 1561 657 1603 fugere,

281 1609 488 1648 Triennisque
512 1617 580 1640 cum
606 1610 696 1646 esset,

236 1657 283 1689 Ut
305 1656 372 1694 ejus
396 1654 590 1687 conversatio

284 1701 336 1733 Sic
358 1704 426 1733 tota
448 1701 489 1732 sit
512 1702 545 1732 in
571 1701 674 1738 caelis,

239 1751 305 1787 Quo
328 1749 410 1780 mira
431 1748 577 1779 salutatio

281 1795 430 1826 Procedit
454 1794 629 1827 Gabrielis:

170 1843 208 1875 V.
238 1842 322 1881 Ave,
363 1841 495 1882 Maria,
532 1841 640 1881 qratia
666 1841 779 1880 plena,

236 1888 397 1920 Dominus
421 1890 532 1919 tecum.

355 1978 401 2006 Ad
419 1979 594 2014 Magnifica‘t„

241 2045 336 2084 Virgo
361 2046 511 2084 tempium
535 2047 681 2078 intrando

286 2091 374 2122 Tunc
397 2092 522 2131 angelos
546 2092 704 2132 laetificat,

239 2139 277 2171 In
300 2138 401 2169 Deum
428 2139 614 2170 exsultando

286 2186 364 2217 Post
387 2186 500 2217 cecinit
522 2185 723 2227 Magnificat3

240 2232 298 2272 Qui
321 2232 420 2271 ipsam
446 2233 650 2271 praemiando

286 2279 425 2310 Aeterne
448 2278 616 2318 beatificat,

242 2328 302 2358 Pro
325 2325 416 2357 nobis
442 2325 599 2358 exorando

285 2373 404 2406 Iratum
428 2382 510 2405 nunc
533 2371 692 2404 laetificat.

923 362 982 394 Ad
1009 360 1351 400 Completorium.

987 433 1033 461 Aa
1052 434 1138 460 Nune
1158 432 1287 459 dimittis.

828 494 867 524 A.
894 492 983 522 Haec
1007 491 1137 529 virginis
1162 488 1263 519 illatio

946 537 1007 568 Dei
1031 536 1183 575 templum
1205 532 1353 566 intrantis

899 586 957 617 Est
979 583 1058 615 lucis
1084 583 1238 614 revelatio

949 631 1104 670 Perpetuo
1129 628 1284 665 micantis,

901 680 985 716 Quae
1006 679 1132 709 nostrae
1150 676 1191 707 sit
1221 673 1340 706 dotatio

946 725 1080 755 Animae
1110 720 1351 761 commigrantis,

899 772 949 803 Ex
974 771 1066 810 hujus
1091 770 1199 801 mundi
1225 768 1329 807 spatio

949 818 998 849 Ad
1029 817 1148 848 eaelum
1174 815 1337 847 evolantis

966 911 1026 942 Ac]
1050 910 1314 941 Matutinum.

1029 974 1241 1001 Invitatorium.

901 1035 937 1066 1n
962 1033 1080 1064 honore
1102 1031 1235 1069 Mariae,

949 1081 985 1111 In
1012 1079 1129 1117 templo
1153 1079 1373 1117 praesentatae

902 1126 1052 1165 Virginis,
1077 1126 1110 1156 in
1135 1124 1195 1156 hac
1221 1124 1273 1154 die

950 1172 1080 1203 Domino
1103 1170 1246 1211 jubilate.

958 1265 1004 1296 1n
1031 1264 1062 1297 1,
1088 1264 1320 1297 Nocturno.

1038 1327 1232 1364 Antiphonae.

870 1410 878 1416 .
904 1386 1069 1424 Templum
1093 1385 1261 1417 adornavit

950 1432 1031 1463 Prae
1052 1432 1170 1463 cunctis
1188 1432 1451 1471 praecedentibus

903 1480 1011 1521 virgo,
1040 1478 1110 1509 (lum
1137 1478 1269 1510 intravit

953 1525 1075 1556 Electis
1100 1533 1169 1556 cum
1192 1524 1388 1564 parentibus

873 1610 880 1616 .
907 1583 936 1613 A
960 1580 1075 1620 templo
1101 1581 1184 1619 quod
1207 1580 1370 1612 fundatum

949 1627 1010 1658 Est
1033 1635 1052 1658 a
1076 1636 1149 1667 rege
1175 1627 1350 1665 Salomone,

907 1674 959 1705 Sic
982 1682 1040 1705 nec
1064 1672 1125 1704 fuit
1148 1674 1334 1706 adornatum

953 1720 1117 1761 Templum
1142 1721 1198 1752 illa
1222 1721 1353 1754 ratione.

872 1803 879 1808 .
906 1776 1075 1807 Humiliter
1098 1776 1240 1817 orabant,

952 1822 1033 1853 Dum
1060 1823 1211 1863 virginem
1237 1824 1452 1862 praenobilem

908 1869 1057 1900 Parentes
1082 1870 1336 1912 praesentabant,

953 1915 1083 1955 Templo
1106 1917 1140 1948 in
1164 1917 1372 1952 Hierusalem.

1041 1989 1247 2025 Responsoria.

876 2071 883 2079 .
908 2046 1001 2078 Nova
1022 2047 1102 2077 haec
1127 2047 1243 2081 oblatio

909 2092 1029 2124 Prioris
1054 2094 1124 2125 aevi
1147 2096 1259 2135 spatio,

957 2139 1025 2177 Qua
1047 2140 1125 2171 nihil
1151 2139 1211 2172 fuit
1234 2143 1362 2182 gratim,

909 2187 944 2218 In
970 2186 1087 2226 templo
1111 2192 1322 2230 praesentata,

913 2233 1052 2266 Caritate
1075 2233 1268 2267 inflammata

960 2280 1095 2312 Odorem
1119 2283 1241 2322 spargit
1264 2284 1367 2328 latius,

872 2353 878 2358 .
910 2327 1064 2365 Quantum
1088 2326 1138 2360 fas
1164 2328 1251 2361 credi
1275 2335 1332 2372 est,

961 2374 1060 2406 deitas
1086 2375 1166 2406 hanc
1190 2379 1257 2408 tota
1280 2379 1407 2411 refudit.
