1652 2615
732 141 868 175 -.47
917 162 963 166 --

381 234 427 261 Ad
445 235 625 271 Magnificat.

198 291 239 323 A.
269 291 373 330 Salve,
400 291 499 330 virgo,
526 302 618 331 quam
642 294 776 334 mystice

272 337 401 378 Virgam
427 338 536 378 stirpis
561 339 738 372 Davidicae

318 384 453 417 Vocavit
481 387 659 426 prophetia,

269 432 319 463 Tu
343 441 400 463 nos
425 431 562 472 benigna
585 433 719 478 respice,

272 478 322 511 Tu
346 480 366 512 J
370 488 455 510 esum
480 480 572 511 nobis
595 479 686 513 effice

316 526 501 570 Benignum,
528 536 546 559 0
569 527 685 561 Maria.

339 639 397 671 Ad
421 639 691 673 Matutinum.

402 713 617 741 Invitatorium.

271 770 309 801 In
335 770 466 810 psalmis
496 774 528 802 et
548 771 650 811 ¹iubilo

315 817 519 849 Exsultemus
545 819 666 858 sedulo,

267 865 407 905 Virginis
432 865 475 895 sit
498 864 564 897 filio

315 912 401 944 Laus
427 912 584 944 coelorum
611 913 747 947 domino.

324 1025 372 1057 In
399 1024 430 1058 1.
453 1025 680 1058 Nocturno.

409 1099 604 1135 Antiphonae.

231 1183 238 1190 .
265 1155 369 1199 Salve,
395 1165 478 1196 rosa,
505 1165 584 1197 quae
608 1167 672 1189 non
696 1158 794 1189 habes

265 1204 406 1243 Spinam,
432 1212 492 1235 nec
515 1205 641 1243 pcccati
665 1204 754 1238 labes

312 1251 389 1283 Ulla
412 1250 473 1281 tibi
497 1252 614 1294 nocuit,

263 1298 343 1330 Inde
368 1306 504 1330 vernans
529 1299 598 1330 sine
622 1297 685 1330 fine

265 1344 371 1377 Decor
396 1344 497 1377 omnis
523 1346 710 1385 disciplinae

312 1392 471 1424 Decenter
496 1393 631 1433 emicuit,

361 1439 386 1472 O
411 1439 527 1474 Maria.

232 1522 238 1528 .
265 1495 338 1528 Non
364 1495 518 1536 condigne
542 1499 575 1527 te
599 1497 710 1528 mirari

263 1542 308 1574 Et
331 1543 493 1576 laudando
519 1543 664 1576 venerari

316 1590 411 1622 Valet
435 1599 527 1622 omne
551 1591 721 1629 saeculum,

266 1637 348 1670 Nam
374 1638 529 1677 benignae
554 1639 695 1670 caritatis

266 1684 311 1716 Et
334 1684 498 1725 perfectae
521 1685 674 1717 bonitatis

314 1732 363 1763 Tu
388 1741 421 1763 es
446 1733 517 1764 orbi
541 1732 713 1773 speculum,

360 1779 385 1811 O
408 1778 523 1812 Maria.

207 1857 238 1868 «.
266 1836 342 1869 Sola
368 1836 463 1875 digna
489 1836 570 1867 dono
596 1836 662 1878 tali,

265 1884 355 1923 Quod
381 1883 414 1914 in
438 1885 492 1916 tuo
519 1883 665 1923 virginali

313 1931 434 1963 Ventre
456 1939 575 1970 parvus
598 1931 708 1971 jacuit,

266 1978 410 2010 Christus
433 1979 507 2018 quia
531 1979 563 2010 in
589 1984 621 2010 te
645 1978 707 2011 sibi

265 2026 392 2065 Melius,
420 2034 514 2065 quam
538 2026 641 2065 possit
665 2026 763 2058 scribi

311 2073 370 2105 Vel
398 2073 470 2115 dici,
499 2074 699 2114 complacuit,

360 2121 384 2154 Ο
410 2120 525 2155 Maria.

401 2205 609 2241 Responsoria.

229 2290 235 2296 .
262 2263 378 2302 Maria,
407 2263 491 2295 domi
516 2263 659 2303 parvula,

265 2311 354 2345 Intus
379 2311 411 2342 in
439 2311 545 2343 cordis
570 2310 661 2342 arula

264 2357 485 2390 Conscendisti
509 2360 545 2389 ut
567 2357 693 2396 virgula

315 2405 408 2436 Fumi
435 2413 473 2436 ex
496 2404 700 2445 aromatibus,

945 237 1070 269 Vovens
1095 238 1199 268 aetate
1222 236 1369 276 primula,

948 283 1037 322 Quod
1063 292 1147 315 esses
1171 283 1233 315 Dei
1258 282 1386 322 famula,

949 331 974 363 Ο
1000 331 1180 369 angelorum
1204 330 1328 361 aemula.

994 377 1153 409 Virtutum
1180 376 1408 419 carismatibus,

908 452 915 459 .
945 424 1134 464 Exemplum
1158 424 1242 456 vitae

995 475 1122 503 sanctae
1148 471 1204 503 das
1222 470 1365 502 omnibus
1391 470 1461 503 ritc.

913 553 922 560 .
947 527 1075 560 Ardore
1099 527 1201 559 sancti
1225 528 1355 567 spiritus

947 572 1146 606 Inflammata
1170 574 1319 606 divinitus

948 620 993 652 Es
1019 624 1218 653 concremata
1241 621 1366 660 penitus

995 667 1034 698 In
1056 668 1270 699 holocaustum
1295 667 1431 711 Domini,

950 713 1003 745 Sic
1026 716 1217 753 praeparata
1239 714 1396 756 primitus,

950 759 993 793 Ut
1019 761 1166 792 solemnis
1192 763 1223 791 ct
1246 761 1374 792 inclitus

947 807 1044 838 Esset
1066 808 1099 838 in
1124 810 1156 838 te
1180 807 1341 839 accubitus

993 853 1073 893 Regi
1097 854 1166 885 Deo
1192 856 1224 884 et
1246 854 1375 897 homini,

908 924 915 932 .
947 900 1027 933 lude
1051 910 1148 940 supra
1171 909 1290 932 morem

994 948 1113 979 nardus
1140 948 1216 979 dare
1234 948 1337 987 coepit
1354 947 1496 992 odorem.

916 1029 924 1036 .
950 1003 1100 1043 Auctore,
1128 1003 1178 1035 cui
1202 1006 1234 1034 te
1258 1012 1400 1042 voveras,

947 1050 1000 1081 Ad
1025 1050 1097 1082 illas
1122 1050 1214 1082 sedes
1240 1059 1371 1090 superas

946 1096 1125 1136 ingressum
1149 1096 1239 1129 nobis
1263 1106 1447 1138 praeparas,

994 1143 1091 1175 Porta
1110 1143 1325 1183 beatitudinis,

947 1189 1029 1222 Illuc
1052 1193 1155 1221 tecum
1179 1199 1237 1221 nos
1261 1189 1391 1229 inferas,

946 1236 1011 1269 Ubi
1035 1246 1119 1269 nunc
1144 1237 1242 1269 solem
1268 1246 1410 1277 superas,

946 1284 1045 1315 Immo
1067 1284 1165 1316 coelis
1186 1285 1252 1323 Jam
1276 1285 1422 1326 imperas,

994 1331 1115 1371 Regina
1136 1331 1400 1371 pulchritudinis3

908 1401 916 1409 .
948 1378 1035 1416 Quae
1061 1378 1182 1410 cancris
1207 1379 1303 1411 laude

996 1424 1115 1457 celebri
1138 1434 1196 1464 per
1221 1426 1357 1465 saecula,
1382 1426 1494 1464 gaude.

1003 1519 1049 1551 In
1075 1521 1106 1552 2.
1133 1518 1364 1551 Nocturno.

1088 1584 1282 1620 Antiphonae.

915 1660 922 1667 .
950 1633 1051 1665 Stella
1075 1632 1174 1665 Jacob
1200 1633 1391 1672 prophetata

945 1680 989 1712 Et
1012 1680 1119 1711 Maria
1142 1683 1325 1719 nuncupata

992 1726 1038 1758 Es
1063 1735 1138 1758 vero
1163 1727 1340 1766 praesagio,

947 1772 1034 1805 Coeli
1061 1773 1155 1805 decus
1180 1774 1296 1805 mundo
1322 1773 1440 1811 lucens,

946 1820 1051 1860 Salva,
1078 1829 1171 1852 serva
1194 1828 1251 1851 nos
1278 1820 1414 1851 educens

992 1867 1041 1899 De
1066 1867 1175 1899 mundi
1199 1866 1375 1907 naufragio,

1041 1916 1065 1948 O
1090 1914 1209 1947 Maria.

913 1999 919 2005 .
945 1971 1048 2004 Maris
1073 1972 1176 2010 stella,
1202 1973 1234 2002 te
1258 1979 1416 2010 rogamus,

947 2019 1005 2057 Qui
1031 2019 1088 2050 sub
1113 2021 1206 2050 nocte
1229 2018 1414 2058 navigamus

991 2066 1031 2098 In
1055 2066 1197 2106 procella
1226 2065 1353 2104 saeculi,

946 2114 1087 2153 Portum,
1114 2113 1155 2145 ad
1179 2122 1271 2152 quem
1292 2113 1497 2151 suspiramus,

946 2160 997 2192 Da
1022 2169 1091 2201 ope,
1117 2161 1150 2192 in
1175 2168 1268 2200 quem
1292 2168 1465 2199 speramus,

994 2207 1054 2240 Tui
1079 2207 1236 2248 quondam
1258 2206 1394 2247 parvuli,

1045 2256 1069 2288 O
1094 2255 1211 2287 Maria.

911 2337 917 2344 .
943 2311 989 2344 Ut
1013 2314 1045 2343 te
1069 2312 1166 2343 simus
1190 2310 1360 2350 intuenteS,

946 2358 1036 2390 Piam
1061 2358 1152 2390 nobis
1178 2360 1209 2388 te
1233 2359 1416 2397 praesentes

994 2406 1111 2439 Mortis
1136 2404 1194 2437 sub
1219 2404 1364 2444 articulo,
