1652 2615
735 140 990 176 —185—

220 232 253 263 3.
282 230 408 263 Candor
432 233 514 264 nivis
541 234 695 267 densitate

280 277 421 316 Virginis
446 279 668 312 immaculatae

326 324 437 364 Signat
465 326 657 367 castitatem,

277 369 367 407 Quod
394 371 559 403 descendit
582 373 615 404 in
639 377 769 417 aestate,

278 415 388 456 Signat
412 418 445 449 in
470 420 660 451 necessitate

325 463 463 496 Matrem
490 467 640 498 caritatis.

199 508 241 540 V.
275 510 300 542 O
326 511 422 548 mitis,
450 514 537 544 casta

323 557 422 597 virgo,
451 559 630 597 petentibus
657 563 735 592 asta.

336 696 383 728 In
410 698 441 730 2.
469 697 493 728 N
508 700 697 731 octurno.

415 771 611 807 Antiphonae.

215 828 247 860 1.
275 827 400 860 Christo
425 829 536 868 regina
560 829 685 861 adstitit

320 875 350 906 A
377 875 499 907 dextris
527 876 684 915 dealbata,

271 921 418 953 Thronus
444 923 527 961 regis
554 923 675 954 exstitit

325 969 420 1000 Veste
446 970 606 1009 deaurata,

273 1014 347 1046 Sole
372 1017 421 1046 est
446 1016 677 1048 circumamicta

272 1062 380 1093 Mater
403 1062 461 1093 illa
483 1062 661 1095 benedicta.

215 1128 248 1161 2.
274 1127 339 1158 Nix
366 1127 560 1158 descendens
587 1128 716 1160 caelitus

321 1174 442 1207 Urbem
467 1173 654 1206 laetificavit

367 1221 496 1253 Grande
519 1229 578 1260 per
602 1221 798 1261 miraculum,

272 1268 433 1300 „Iohannes
458 1268 612 1306 patricius

319 1314 477 1345 Decorum
502 1312 673 1346 fabricavit

364 1361 488 1392 Mariae
512 1361 759 1395 tabernaculum.

208 1428 244 1459 3.
270 1426 335 1457 Nix
359 1435 417 1465 per
441 1435 551 1467 gyrum
576 1427 701 1466 penitus

316 1475 345 1504 A
371 1473 497 1512 populis
521 1473 651 1505 iuventa

270 1519 473 1551 Monstrabat
499 1520 649 1552 divinitus

315 1566 442 1606 Templi
466 1565 684 1599 fundamenta.

405 1651 612 1686 Responsoria-

207 1707 238 1740 1.
267 1708 428 1741 Summum
453 1707 649 1747 pontificium

312 1755 460 1786 Liberius
485 1757 623 1799 tenebat,

264 1801 443 1835 Johannem
467 1802 637 1841 patricium

315 1848 394 1880 Tum
421 1848 499 1880 felix
525 1849 664 1881 habebat

263 1896 360 1935 Urbs,
388 1897 538 1928 visionem
563 1897 699 1928 similem

314 1943 458 1983 Uterque
483 1943 703 1983 praevidebat,

264 1991 351 2030 Quae
375 1992 477 2022 locum
503 1999 577 2022 mox
601 1990 818 2030 praenobilem

313 2037 370 2069 Eis
396 2037 594 2072 ostendebat.

194 2085 232 2117 V.
265 2085 432 2124 Templum
457 2084 638 2127 fundantes,

311 2133 451 2172 reginam
478 2132 702 2172 glorificantes.

203 2199 238 2230 2.
266 2198 361 2231 Calor
386 2199 462 2230 solis
484 2202 610 2231 aestuat

312 2245 377 2276 Sub
403 2246 492 2286 signo
518 2246 677 2289 virginali,

261 2291 394 2324 Terram
419 2294 493 2325 nive
517 2292 689 2335 refrigerat

310 2338 552 2378 Supernaturali

358 2385 512 2419 Genetrix
537 2388 648 2429 beata3

884 236 922 270 V.
952 237 992 269 In
1017 236 1121 267 calore
1145 235 1240 266 nimio

954 283 1057 315 Adest
1081 280 1247 320 refrigerio

1003 329 1145 369 Supplex
1168 328 1323 359 invocata.

900 397 930 428 3.
956 396 1003 428 Ut
1025 395 1078 426 nix
1104 394 1144 425 de
1169 393 1256 425 caelo
1281 393 1411 424 veniens

1004 442 1087 474 Illuc
1110 450 1173 472 non
1197 440 1379 483 revertitur,

956 488 1057 519 Terra
1081 495 1155 519 vero
1181 487 1290 518 sitiens

1003 535 1065 566 Per
1088 535 1189 572 ipsam
1213 532 1403 570 infunditur,

956 580 1009 612 Sic
1034 580 1156 611 Mariae
1181 580 1283 619 gratia

1003 626 1214 658 Praeveniens
1238 626 1271 657 in
1296 627 1432 656 mentem

955 672 1123 712 Nunquam
1148 673 1233 703 venit
1257 681 1365 714 vacua,

1003 718 1067 750 Sed
1091 717 1192 750 reficit
1220 722 1371 758 egentem,

955 765 999 797 Ut
1024 765 1158 804 amplius
1188 764 1333 803 proficiat

885 810 923 842 V.
955 810 1090 843 Germen
1116 812 1251 848 virtutis,

1003 858 1139 890 fructum
1165 858 1321 898 gignendo
1348 858 1470 890 salutis.

1006 999 1052 1030 In
1079 1001 1109 1032 3.
1137 998 1370 1032 NocturnO.

1095 1082 1163 1109 Anti
1166 1082 1287 1117 phonae.

896 1148 926 1181 1.
954 1148 991 1179 In
1017 1148 1142 1180 Selmon
1168 1152 1274 1179 monte
1298 1149 1426 1180 Domini

998 1195 1082 1228 Nive
1108 1194 1305 1237 dealbantur,

950 1242 1009 1280 Qui
1034 1249 1141 1273 amore
1166 1240 1282 1272 fervidi

997 1288 1098 1320 Deum
1124 1289 1388 1327 contemplantur.

892 1355 923 1385 2.
951 1353 1057 1385 Omnis
1083 1357 1179 1395 terra,
1206 1354 1346 1392 Alleluja

994 1400 1130 1432 Domino
1157 1403 1291 1441 cantate,

949 1447 1009 1485 Qui
1033 1448 1114 1479 nivis
1139 1446 1308 1487 refrigeria

995 1494 1095 1525 Dedit
1118 1494 1150 1524 in
1176 1496 1305 1526 aestate.

889 1560 921 1592 3.
947 1560 1006 1602 Tu,
1032 1560 1120 1600 virgo
1146 1558 1339 1599 christifera,

995 1606 1045 1638 De
1068 1614 1149 1638 novo
1176 1605 1303 1638 fervore

950 1652 1009 1685 Cor
1035 1653 1159 1686 aridum
1185 1652 1340 1692 refrigera

997 1700 1098 1733 Niveo
1124 1700 1273 1733 candore.

1086 1792 1291 1828 Responsoria.

891 1850 921 1882 1.
948 1849 1108 1882 Gedeonis
1130 1850 1287 1889 quondam
1314 1850 1415 1882 vellus

994 1897 1080 1929 Rore
1107 1897 1186 1928 caeli
1210 1897 1343 1937 maduit,

948 1944 1040 1976 Sicca
1064 1947 1168 1976 tamen
1195 1944 1311 1975 mansit
1335 1944 1442 1985 tellus,

995 1991 1083 2023 Sicut
1110 1991 1230 2024 cunctis
1255 1992 1386 2035 placuit,

947 2038 1000 2070 Sic
1024 2047 1083 2071 nec
1106 2036 1168 2069 fuit
1190 2038 1325 2078 irrigata

944 2085 1004 2117 Dei
1029 2085 1173 2125 genetrix
1198 2085 1301 2125 beata,

994 2132 1125 2171 Quando
1151 2132 1253 2164 Deum
1277 2133 1402 2173 genuit,

875 2181 913 2213 V.
945 2180 1095 2220 Virgineo
1120 2188 1208 2211 more

994 2228 1081 2267 capit
1098 2227 1181 2261 hunc
1195 2226 1353 2258 Gabi-ielis
1372 2226 1411 2258 ab
1432 2235 1497 2259 ore.

889 2295 920 2327 2.
954 2294 1051 2326 Plebs
1076 2294 1219 2326 Romana
1244 2292 1462 2333 concurrebat,

946 2341 1075 2381 Signum
1102 2340 1184 2371 enim
1208 2348 1278 2371 cum
1300 2339 1440 2381 videbat,

994 2388 1136 2420 Laudem
1161 2386 1229 2418 Deo
1255 2387 1372 2427 retulit,
