1652 2615
676 130 928 162 —100—

195 252 203 258 .
234 225 302 258 Hoc
325 228 477 256 monstrat
503 224 599 255 clausi
624 223 734 262 gratia,

235 272 293 308 Qui
317 271 404 310 prius
429 270 582 310 sapientia

280 318 375 356 Quam
399 326 492 348 sensu
518 316 692 347 decoratur.

237 372 356 403 Totalis
378 372 477 402 virtus
501 369 646 408 feminae,

232 417 275 449 Ut
300 426 374 449 suae
398 418 490 448 donet
515 416 688 455 plantulae,

278 464 348 495 Non
373 463 468 495 habet
492 465 690 502 potestatem,

235 510 364 542 colendi
389 518 494 549 regem
518 510 639 548 gloriae

231 556 347 588 Beatae
371 556 455 587 cultu
478 555 592 587 latriae

277 605 362 634 Ante
384 603 598 644 nativitatem3

193 675 199 681 .
231 650 321 681 Istud
345 652 445 681 mater
471 649 654 681 elementiae

229 697 319 728 Dono
346 696 514 735 complevit
532 696 653 736 gratiae

277 742 369 775 Suam
393 751 451 781 per
476 744 650 775 caritatem.

196 823 202 830 .
228 798 302 837 Quis
328 800 428 830 ortum
453 798 533 830 vidit
557 798 719 838 proprium

279 845 457 877 Succedere
480 846 619 885 tripudio

325 891 499 924 Concessae
521 891 691 923 voluntatis
700 891 718 921 *κ

235 936 305 969 Hoc
328 938 436 977 physis
461 942 554 977 negat
577 938 725 978 studium,

277 985 366 1022 Quod
390 986 493 1016 tamen
517 984 621 1016 firmat
645 984 726 1016 actio

323 1031 440 1062 Beatae
465 1032 635 1068 castitatis3

196 1103 202 1109 .
233 1076 391 1109 ι101161111165
416 1078 507 1110 docet
531 1077 688 1117 gaudium,

283 1123 364 1154 Dum
391 1124 546 1156 clauditur
569 1125 601 1155 in
627 1126 715 1154 utero

323 1170 488 1202 Maternae
511 1169 679 1201 facultatis.

290 1308 334 1339 In
360 1309 392 1341 3-
416 1308 646 1340 Nocturno.

372 1381 562 1416 Antiphonae.

203 1462 209 1469 .
234 1437 408 1469 Descendit
431 1437 491 1468 Dei
514 1438 651 1477 nuntius,

277 1483 321 1515 Ut
342 1485 430 1523 ι1115511
454 1484 618 1523 revelaret,

231 1531 385 1562 Ascendit
409 1530 495 1570 virgo
519 1531 673 1569 protinuS.

280 1576 324 1608 Ut
346 1578 413 1608 visa
436 1576 603 1610 nuntiaret.

173 1641 180 1647 ·
197 1658 204 1664 .
230 1632 390 1664 Turbatur
413 1640 522 1663 56115115
547 1632 675 1672 virginis

277 1678 392 1718 Angeli
421 1679 567 1718 dictione,

232 1725 357 1756 Solatur
378 1723 499 1756 fructus
523 1725 639 1757 sterilis

276 1771 400 1803 Mariae
422 1772 567 1804 lectione,

176 1830 205 1859 ¹.
234 1827 351 1865 Corpus
376 1828 511 1858 auctoris
535 1828 698 1867 physicum

279 1874 418 1913 Angelus
444 1873 626 1910 declaravit,

232 1920 294 1951 Sed
319 1929 433 1961 eorpus
457 1921 545 1959 virgo
569 1920 734 1960 mysticum

277 1965 394 2007 Signat,
424 1967 495 1997 dum
520 1967 677 2000 salutavit.

362 2057 567 2091 Responsoria.

192 2148 198 2154 .
226 2122 385 2161 Quaerens
411 2123 456 2153 uti

273 2169 415 2207 parentis
440 2170 563 2209 agmine

229 2215 322 2254 Virgo
347 2216 452 2247 lumen

271 2262 402 2302 sumpsit
426 2263 622 2303 prudentiae,

227 2309 325 2341 Simul
350 2309 454 2341 ferens

273 2364 339 2387 cum
367 2356 553 2389 fortitudine

904 223 1028 254 Castum
1055 223 1171 254 cultu-m

950 270 980 299 61
1004 278 1059 300 vas
1081 269 1233 307 Ι1115111166,

863 338 870 344 .
902 315 968 345 Iter
991 314 1104 353 pandit
1127 315 1187 345 1106
1210 322 1377 352 supernum

901 360 1030 391 Festum
1052 360 1182 391 firmans
1206 360 1403 391 hodiernum.

869 455 875 460 .
904 428 1035 459 Gemina
1059 428 1216 465 salutatio,

902 475 1001 512 (Quam
1024 477 1131 505 mutua
1156 474 1284 505 (11166110

949 520 1119 552 Parentum
1148 522 1307 559 operatur,

902 568 928 599 T
931 567 1082 600 erminum
1107 566 1232 605 plenum
1258 565 1373 605 gaudio

903 615 1055 646 Procuret
1076 613 1177 653 plebis
1202 613 1317 652 animo,

949 661 1014 699 Quo
1040 659 1153 691 festum
1180 662 1356 693 veneratur.

860 732 868 739 .
898 708 967 739 Ηο6
993 707 1135 739 Christus
1157 707 1190 737 in
1212 706 1331 745 ,iudicio

900 755 1035 786 Pensato
1062 753 1172 784 matris
1194 753 1306 785 merito

947 800 1101 833 Psallenti
1124 800 1285 840 largiatur.

868 896 874 901 .
903 872 940 902 In
966 870 1058 909 hujus
1083 868 1157 901 festi
1181 870 1295 910 gaudio

948 917 1088 949 Docetur
1109 919 1326 957 congruenter,

903 963 991 1002 Quod
1019 964 1135 1002 duplex
1157 964 1304 995 salutatio

948 1012 976 1042 A
999 1010 1100 1041 turbis
1125 1013 1307 1042 reverenter

903 1057 1022 1089 Colitur
1046 1057 1164 1095 absque
1187 1057 1291 1089 taedio

949 1104 1024 1135 Cum
1046 1103 1146 1144 jubilo
1172 1102 1341 1143 ferventer,

862 1177 868 1182 .
897 1150 1020 1181 Mariae
1045 1149 1211 1190 desiderio,

900 1196 1065 1227 Elisabeth
1089 1197 1225 1235 suspirio

950 1243 1149 1281 compleatur
1172 1243 1318 1275 libenter.

990 1382 1033 1413 In
1055 1383 1084 1414 L
1092 1391 1140 1412 au
1151 1382 1170 1414 d
1180 1383 1191 1413 i
1200 1383 1219 1414 b
1229 1391 1249 1412 u
1258 1391 1284 1414 S.

1041 1455 1235 1490 Antiphonae.

868 1539 876 1545 .
902 1512 992 1543 Circa
1016 1512 1125 1544 matris
1148 1512 1294 1544 viaticum

948 1559 1098 1597 Reperiet
1119 1559 1277 1591 modestia

994 1605 1107 1637 Devoti
1136 1606 1278 1645 viatoris,

902 1652 990 1690 Quod
1015 1653 1149 1683 omnium
1175 1652 1340 1691 spirituum

955 1698 1131 1737 Complevit
1153 1699 1329 1731 ministeria

996 1744 1140 1777 Genitrix
1171 1746 1351 1779 conditoris.

868 1843 875 1849 .
901 1819 1052 1852 Ferventi
1079 1821 1216 1859 complet
1239 1822 1353 1860 gaudio

947 1867 1151 1907 seraphicum
1177 1866 1312 1899 officium

993 1913 1134 1944 Affectus
1157 1914 1332 1957 virginalis,

899 1958 970 1991 Hoc
994 1959 1108 1997 probat
1131 1961 1279 1999 visitatio,

944 2006 1105 2045 Expressa
1128 2015 1186 2045 per
1209 2007 1360 2041 indicium

993 2053 1168 2091 Amplexus
1193 2056 1375 2093 parentalis,

843 2128 874 2159 3.
899 2128 929 2157 A
955 2127 1100 2166 virginali
1126 2126 1207 2160 facie

949 2173 1124 2205 Cllerubica
1146 2175 1321 2215 limpiditas

994 2220 1170 2252 Procedere
1193 2226 1330 2266 notatur,

902 2266 977 2300 (fum
1002 2267 1099 2306 signis
1124 2268 1296 2302 multifarie

945 2314 1060 2345 Latens
1082 2323 1141 2354 per
1164 2316 1266 2355 ipsam
1292 2321 1408 2353 veritas

995 2360 1151 2401 Cognatae
1177 2365 1344 2402 revelatur.
