1652 2615
701 141 955 176 —180—

257 235 397 268 Collocat
420 236 450 266 in
477 234 555 266 solio

304 290 398 320 super
422 281 525 313 omnia
549 281 655 312 sidera
679 281 761 312 celso

254 328 476 367 Angelicisque
502 327 604 359 choris

301 374 442 413 praefert
457 381 551 412 super
563 374 691 404 aethera
705 381 797 405 cunc-

576 420 627 452 tiS.

256 476 431 513 Suscipitur
455 478 555 506 mater

301 521 417 553 Christi
441 520 609 559 reginaque
632 521 742 552 mundi

250 568 402 607 Angelico
426 567 563 598 laetante
588 567 682 598 choro

301 614 448 653 caeloque
472 621 611 653 corusco,

251 660 345 693 Unde
368 661 460 698 huJ'us
484 660 561 690 laeti

297 714 481 738 veneremur
505 704 586 736 festa
611 706 682 737 diei.

249 772 283 803 Si
306 771 474 802 Dominum
497 770 531 800 in
555 770 671 801 sanctis

299 818 364 856 ejus
389 817 521 848 laudare
541 817 697 856 Jubemur,

249 864 351 895 Multo
376 864 447 902 plus
469 866 576 894 sancta

299 909 400 941 caelos
429 909 584 948 migrante
608 909 722 949 Maria,

252 956 388 996 Gignere
412 964 491 995 quae
513 956 627 986 meruit

294 1003 407 1041 ipsum,
434 1002 486 1041 qui
512 1005 623 1033 cuncta
648 1003 776 1035 creavit.

245 1067 357 1098 Mundi
382 1067 498 1108 regina,

295 1116 448 1152 perpetua
472 1114 559 1152 virgo
583 1112 688 1144 Maria

250 1161 421 1198 Assumpta
445 1161 492 1189 est
515 1159 607 1190 hodie
631 1159 665 1189 in

297 1205 425 1246 caelum,
455 1204 599 1244 gaudete,
624 1203 745 1245 fideles>

247 1251 426 1283 Laudantes
455 1251 563 1282 Jesum

293 1296 405 1329 festivo
431 1297 567 1328 carmine
591 1296 758 1331 Christum.

177 1418 238 1450 Ad
262 1418 523 1449 Benedictus
559 1419 597 1448 et
631 1417 681 1448 ad
704 1418 788 1449 Ma-

191 1585 221 1617 1.

185 1883 216 1915 30

390 1473 408 1503 g
419 1473 439 1494 n
449 1464 459 1493 i
469 1461 483 1493 f
491 1464 502 1493 i
513 1471 529 1493 c
537 1472 556 1494 a
564 1466 578 1494 t

239 1536 290 1563 per
308 1527 517 1554 hebdomadam
536 1527 729 1563 Antiphonae.

249 1584 393 1616 Gaudeat
418 1584 550 1616 ecclesia

292 1631 400 1662 mundi
424 1638 481 1669 per
506 1630 631 1662 elimata
657 1635 777 1674 cuncta,

245 1675 427 1716 Praefulget
450 1676 544 1708 hodie
567 1678 687 1708 meritis

291 1723 363 1762 quia
392 1725 480 1762 virgo
505 1723 620 1765 Maria,

243 1769 349 1801 Mater
372 1772 481 1801 sancta
504 1768 565 1801 Dei

289 1816 485 1848 transcendit
510 1817 645 1847 culmina
667 1818 743 1856 poli.

242 1881 396 1923 Gaudent,
424 1889 505 1920 ecee,
531 1882 597 1921 poli

290 1929 373 1959 cives
398 1936 493 1967 super
516 1931 604 1960 astra
627 1929 756 1967 superni

240 1974 354 2006 'Mundi
378 1975 517 2014 reginam

289 2029 393 2052 secum
417 2022 587 2059 sumpsisse
610 2021 754 2064 Mariam,

240 2067 368 2106 Nosque
392 2068 486 2098 hodie
510 2067 589 2098 haec
612 2068 692 2099 tanti

288 2113 480 2145 celebremus
505 2114 619 2153 gaudia
643 2113 726 2146 festi.

240 2180 334 2218 Ecce,
359 2179 466 2211 Maria
489 2187 584 2218 super

285 2235 391 2257 omnes
416 2226 641 2258 transcendere
666 2227 768 2258 caelos

237 2273 343 2313 Digna
366 2273 461 2304 hodie
483 2273 608 2312 meruit,

284 2328 363 2361 quae
408 2320 528 2360 ipsum,
580 2320 634 2359 qui
675 2323 786 2352 cuncta

562 2366 687 2409 creavit,

927 234 1024 274 Virgo
1047 235 1148 266 Deum
1173 236 1289 278 genuit,

972 284 1046 319 post
1066 284 1190 320 partum
1206 283 1295 321 virgo
1313 282 1473 313 remansit.

867 351 898 383 4.
925 349 1042 381 Sancta
1063 350 1125 381 Dei
1150 351 1300 390 genetrix,

842 2203 879 2237 V.

969 396 1079 427 mundi
1103 395 1283 427 fortissima
1306 397 1431 438 victrix,

924 441 1009 479 Quae
1031 442 1185 473 scandens
1209 442 1304 474 hodie

972 488 1084 526 cepisti
1108 489 1250 526 praemia
1276 488 1367 529 vitae,

923 532 1046 564 Sanctis
1072 533 1215 565 obtineas
1241 534 1399 578 precibus,

968 582 1004 610 ut
1027 580 1258 620 perveniamus,

922 648 1046 687 Nempe
1070 649 1176 681 Maria
1197 651 1293 682 hodie

967 695 1075 727 Jesum
1107 696 1189 735 petit
1217 697 1346 729 aethere
1380 698 1471 730 Chri-

1241 745 1334 783 stum,

921 788 1021 820 Orans
1046 797 1104 828 pro
1129 789 1263 830 miseris,

966 837 1002 864 ut
1027 835 1141 866 dentur
1167 837 1304 867 culmina
1329 837 1421 869 nobis

923 880 1061 920 Cunctis,
1087 889 1170 912 nunc
1193 882 1265 913 ideo

966 927 1119 958 laetemur
1145 930 1241 960 corde
1261 929 1411 967 jucundo.

918 996 942 1027 O
968 995 1057 1036 virgo
1082 997 1165 1028 alma
1189 998 1260 1036 Dei,

966 1045 1067 1073 mater
1092 1043 1262 1083 reginaque
1286 1046 1405 1085 mundi⁷

919 1088 1004 1126 Quae
1030 1092 1141 1121 cuncta
1164 1091 1306 1130 angelica
1330 1099 1362 1123 es

966 1143 1061 1172 super
1085 1136 1208 1175 agmina
1233 1140 1345 1168 cuncta
1360 1138 1463 1181 beata,

919 1181 967 1212 Tu
993 1189 1096 1212 coram
1122 1181 1245 1215 Christo

964 1229 1073 1268 nostri,
1092 1229 1238 1269 petimus,
1251 1238 1370 1262 memor
1385 1234 1463 1273 esto,

918 1272 1099 1312 Deposcens
1124 1276 1248 1307 miseris

966 1320 1120 1351 caelorum
1145 1323 1261 1361 gaudia
1283 1323 1386 1358 nobis.

1004 1472 1304 1512 Responsoria

883 1563 934 1590 per
952 1555 1160 1583 hebdomadam
1180 1558 1216 1585 ad
1235 1559 1422 1587 Nocturnum.

859 1621 888 1653 1.

913 1621 1010 1660 Spina
1035 1623 1123 1654 dedit
1146 1621 1254 1655 florem

964 1672 1082 1700 castum
1113 1672 1269 1703 servando
1294 1674 1460 1716 pudorem,

914 1713 1061 1747 Justitiae
1084 1716 1182 1747 solem

959 1763 1059 1799 patris
1083 1771 1142 1801 per
1166 1765 1291 1797 saecula
1315 1768 1447 1808 prolem,

913 1807 1057 1840 Gaudeat
1081 1810 1179 1840 omnis
1203 1812 1306 1851 homo,

962 1856 1107 1893 quoniam
1131 1858 1258 1897 peperit
1281 1859 1335 1897 pia
1360 1861 1459 1901 virgo.

912 1925 997 1956 Ante
1020 1926 1144 1957 thorum
1169 1927 1354 1967 virginalem

956 1972 1165 2010 jucundemur
1187 1974 1345 2014 laudibus,

915 2017 983 2049 Deo
1008 2019 1108 2050 nostri
1129 2019 1301 2058 jubilantes

957 2064 1126 2096 indefessis
1150 2068 1290 2107 vocibus

912 2111 959 2143 Ut
981 2119 1037 2142 nos
1063 2120 1187 2151 semper
1212 2115 1265 2152 pia
1290 2115 1377 2156 virgo

959 2158 1023 2189 suis
1049 2162 1154 2189 servet
1176 2160 1334 2201 precibus,

910 2204 1110 2236 incessanter
1135 2205 1341 2247 deprecemur

959 2251 1090 2291 virginis
1115 2254 1318 2291 praesidium.

854 2322 886 2354 3.
913 2320 1016 2360 Stirps
1041 2322 1132 2354 Jesse
1156 2324 1275 2364 virgam

959 2369 1111 2407 produxit
1134 2369 1284 2411 virgaque
1307 2370 1417 2406 florem
