1652 2615
720 128 952 145 *oo—-

202 206 234 238 3.
260 204 359 244 Spina
383 212 493 236 carens

308 250 365 283 fios
390 250 483 292 spina
506 252 666 292 pungitur,

265 298 325 330 Per
350 307 442 338 quam
467 297 579 337 culpae

305 346 398 384 spina
420 344 638 386 confringitur,

259 392 358 432 Spina
382 391 492 423 mortis

305 440 397 480 spina
417 438 607 481 retunditur,

257 486 340 518 Dum
367 486 433 518 vita
456 485 565 517 mundi

302 532 360 564 sub
387 532 479 572 spina
502 533 644 565 moritur.

187 580 225 613 V.
258 580 320 611 Per
345 579 404 611 hoc
429 578 601 610 ludibrium

305 626 415 657 Hostis
442 625 613 665 deluditur,

255 672 372 704 Mortis
398 672 566 705 dominium

308 720 370 752 Per
390 721 522 750 mortem
547 719 680 753 tollitur.

198 787 230 817 4.
257 784 366 817 Novus
392 785 494 825 homo,
520 794 577 816 rex
602 784 758 824 antiquus,

254 831 301 863 Ut
323 841 380 864 nos
406 831 495 871 ditet,
517 830 555 863 fit
577 831 749 870 mendicus,

304 879 464 918 Expertus
489 878 672 916 ludibrium,

257 926 310 958 Sic
334 926 488 965 probatur
513 928 546 955 ut
572 925 700 964 amicus,

256 975 349 1008 Jesus
376 972 476 1004 dulcis
501 970 538 1003 fit
561 971 694 1011 pudicus

303 1021 393 1052 Inter
417 1018 525 1057 spinas
549 1018 660 1050 lilium.

186 1067 224 1100 V.
255 1066 327 1098 Jam
354 1066 394 1097 de
416 1065 516 1104 spinis
540 1065 618 1104 legit
640 1063 717 1096 ficus

257 1113 331 1145 Non
355 1112 494 1145 Judaeus
518 1111 673 1150 inimicus,

300 1159 364 1192 Sed,
388 1158 468 1190 fides
494 1157 696 1189 credentium.

317 1262 363 1294 In
389 1263 421 1293 2.
445 1260 670 1293 Nocturno.

391 1334 586 1370 Antiphonae.

183 1394 214 1426 1.
241 1393 419 1435 Symgoga,
443 1394 529 1423 retro
554 1391 605 1423 abi

238 1440 330 1471 Fiete
355 1440 481 1471 dicens:
510 1446 577 1479 ave,
604 1437 705 1477 rabbi,

236 1487 287 1519 Ex
312 1487 372 1518 hoc
396 1485 488 1525 scias,
515 1494 534 1516 a
557 1487 589 1516 te
613 1484 679 1516 labi

284 1534 425 1573 Regnum
452 1535 483 1563 et
506 1532 683 1571 imperium.

180 1601 215 1631 2.
240 1600 323 1631 Dum
348 1598 462 1631 Judaei
487 1606 568 1637 genu
591 1596 722 1628 flectunt

244 1647 287 1678 Et
311 1647 427 1677 milites
452 1645 559 1684 spinas
584 1645 736 1683 plectunt,

240 1693 352 1725 Vincla
376 1692 486 1724 mortis
512 1691 573 1722 sibi
596 1693 727 1722 nectunt

284 1740 337 1771 Ad
362 1740 496 1771 salutem
520 1738 668 1778 gentium.

177 1806 208 1837 3.
238 1806 262 1838 O
288 1805 356 1845 quis
382 1804 471 1836 furor
495 1803 639 1843 militum,

235 1853 293 1892 Qui
319 1852 366 1883 sic
391 1854 487 1892 caput
508 1851 650 1882 inclitum

236 1900 390 1932 Premunt
413 1907 471 1939 per
497 1898 662 1929 circuitum

284 1947 391 1987 Spinis
416 1949 448 1976 et
469 1943 613 1985 flagellis.

178 2015 210 2047 4.
239 2015 264 2046 Ο
290 2023 383 2054 quam
410 2013 502 2053 digne
527 2013 674 2056 genitum,

235 2061 334 2100 Quam
359 2061 483 2101 abjecte
507 2060 669 2098 traditum,

230 2108 314 2140 Dum
340 2108 443 2140 emisit
467 2107 614 2146 spiritum

277 2157 410 2195 Sumpto
435 2156 512 2194 potu
537 2153 632 2186 fellis.

172 2224 201 2257 5.
228 2222 429 2254 Hierusalem
454 2224 527 2253 trux
552 2220 686 2255 alumna,

229 2271 337 2303 Jesum
362 2268 462 2309 figens
486 2268 518 2299 in
541 2267 695 2307 columna,

233 2316 393 2348 Conversa
418 2324 451 2347 es
475 2316 508 2346 in
535 2323 695 2354 aerumna,

277 2363 360 2399 Dum
385 2363 478 2404 spina
503 2360 722 2404 confringitur.

869 208 902 240 6.
929 207 1051 239 Pendet
1075 207 1162 238 cruci
1184 207 1218 237 in
1244 207 1369 238 deserto

930 254 1102 286 Coronatus
1127 262 1257 292 serpens
1279 256 1374 294 serto,

928 301 1024 339 Quem
1047 300 1099 340 qui
1125 300 1212 333 videt
1234 300 1268 331 in
1293 303 1413 339 aperto,

972 347 1044 381 Non
1069 350 1216 386 serpente
1238 347 1385 381 laeditur.

1066 450 1270 484 Responsoria.

903 543 909 549 .
936 516 1126 548 Futurorum
1154 515 1299 554 pontifex

984 562 1126 594 Christus
1152 566 1199 593 est
1223 562 1384 603 bonorum,

936 609 994 647 Qui
1019 619 1038 641 a
1062 609 1161 649 spinis
1184 610 1340 641 transiens

980 656 1017 687 In
1042 658 1152 688 sancta
1175 660 1355 688 sanctorum

936 702 1092 734 Certantis
1118 703 1268 734 ecclesiae

979 749 1104 781 Meritis
1127 749 1283 787 justorum

933 796 1032 827 Mitra
1057 795 1105 827 sui
1131 796 1242 834 capitis

979 842 1149 874 Decoravit
1178 842 1315 875 chorum.

890 913 898 922 .
927 889 1030 921 Nimis
1056 897 1130 927 ergo
1153 889 1280 928 placeat

976 936 1131 967 mentibus
1156 936 1278 974 piorum

929 983 1006 1014 Tam
1032 982 1188 1013 excellens
1213 982 1325 1024 gratia,

975 1038 1085 1060 munus
1110 1031 1174 1059 tam
1200 1029 1357 1061 decorum.

895 1137 902 1144 .
928 1112 1005 1143 Exit
1029 1113 1049 1144 ,J
1053 1120 1123 1144 esus
1146 1110 1322 1151 flagellatus

928 1158 972 1190 Et
995 1159 1149 1198 probrose
1174 1161 1338 1190 coronatus

975 1205 1024 1237 De
1046 1206 1207 1245 spinarum
1232 1206 1377 1248 stimulis,

929 1253 1037 1292 Pergit
1061 1252 1161 1292 sputis
1189 1252 1373 1291 deturpatus

929 1299 973 1330 Et
998 1298 1127 1331 confuse
1150 1303 1342 1338 purpuratus

974 1345 1179 1378 Reverendus
1204 1346 1333 1385 angelis.

889 1419 896 1426 .
927 1393 1018 1424 Patet
1040 1394 1073 1424 in
1098 1392 1160 1423 hoc
1181 1392 1380 1431 principatus

926 1439 1041 1471 Mundi
1065 1440 1156 1477 hujus
1184 1442 1216 1469 et
1239 1442 1367 1471 ornatus

974 1486 1055 1518 Esse
1081 1485 1335 1525 contemptibilis,

893 1595 900 1602 .
927 1570 952 1602 O
977 1570 1129 1611 benignus
1154 1579 1172 1601 o
1197 1570 1311 1608 suavis,

926 1617 951 1649 Ο
979 1618 1102 1649 dulcior
1127 1618 1246 1648 cunctis
1272 1616 1363 1660 favis,

925 1664 984 1703 Qui
1010 1673 1078 1695 cum
1105 1666 1185 1694 esset
1211 1663 1249 1694 ab
1274 1664 1396 1703 ignavis

926 1711 1063 1742 Punctus
1089 1710 1198 1749 spinis,
1224 1709 1304 1741 fixus
1330 1711 1438 1750 clavis,

972 1757 1031 1789 His
1056 1757 1176 1798 ignosci
1200 1757 1368 1796 supplicat.

858 1804 893 1837 V.
924 1804 1017 1835 Licet
1042 1805 1132 1836 dolor
1155 1806 1238 1835 esset
1262 1805 1377 1844 gravis,

925 1851 1044 1883 Tamen
1068 1852 1150 1884 bona
1174 1851 1312 1882 reddens
1337 1853 1444 1891 pravis

971 1899 1128 1931 Pietatem
1153 1898 1304 1937 duplicat.

867 1986 898 2017 4.
925 1984 1013 2024 Quod
1042 1984 1159 2024 hgatur
1182 1991 1261 2021 puer
1286 1983 1378 2024 risus,

922 2031 1011 2071 Quod
1037 2030 1165 2062 offertur
1190 2039 1307 2062 vervex
1331 2032 1416 2063 visus

968 2078 1154 2110 Adhaerere
1178 2078 1339 2120 vepribus,

922 2124 991 2157 Hoc
1013 2124 1205 2164 praesignat,
1232 2125 1316 2164 quod
1340 2125 1461 2156 occisus

919 2172 1037 2204 Noster
1062 2172 1154 2204 Jesus
1180 2174 1228 2203 est
1253 2172 1394 2203 concisus

965 2220 1072 2259 Spinis
1096 2227 1131 2249 se
1155 2219 1374 2258 pungentibus.

849 2267 886 2299 V.
918 2267 1044 2300 Christo
1069 2268 1186 2306 puncto
1213 2270 1440 2306 compugantur

913 2314 958 2346 Et
984 2314 1128 2345 dulcibus
1149 2311 1382 2352 perfundantur

966 2360 1137 2394 Christiani
1162 2357 1298 2393 fletibus

1262 2412 1304 2452 3*
