1652 2615
702 138 936 172 ..14-

383 233 587 267 Responsoria.

191 289 222 321 1.
249 288 346 329 Deus,
372 289 425 329 qui
449 297 506 320 nos
530 290 672 328 potentia

298 334 397 378 Fecit,
423 344 480 367 nos
502 336 677 378 benedicat,

249 382 307 419 Qui
331 391 388 413 nos
412 382 492 421 regit
515 382 693 422 prudentia,

294 428 377 459 Huic
401 429 495 470 salus,
522 429 653 467 quisque
678 427 773 466 dicat,

246 474 330 505 Laus
354 475 426 513 ipsi,
459 475 512 513 qui
537 474 702 505 clementia

292 521 413 552 Malum
437 523 577 551 nostrum
603 519 740 553 abdicat.

181 566 217 599 V.
248 568 435 598 Praeveniat
460 575 516 598 nos
540 567 652 607 gratia,

249 614 404 653 Sequatur
425 616 455 644 et
480 614 521 644 sit
545 614 631 645 socia

290 660 378 703 Ejus,
405 661 456 699 qui
482 669 538 691 nos
563 661 609 691 sic
635 661 728 692 dicat.

190 736 220 767 2.
245 735 281 766 In
307 739 399 774 patre
424 738 471 766 est
495 736 674 774 auctoritas,

246 781 403 821 Splendor
426 783 581 813 manentis
605 783 731 823 veritas,

293 829 394 861 Jubar
419 831 451 859 et
473 829 627 860 luminare

248 874 384 914 Spiritus
409 879 535 906 sanctus
561 877 687 913 caritas,

247 923 347 953 Amor
371 931 463 953 ierus
489 924 519 952 et
544 922 678 961 bonitas,

293 968 381 1000 Dans
406 977 475 999 esse
499 971 532 999 et
556 977 672 1001 creare.

176 1013 213 1046 V.
243 1014 303 1046 Est
327 1015 477 1047 trinitatis
502 1015 616 1053 unitas,

246 1061 367 1093 Unitati
395 1062 449 1094 dat
473 1062 598 1093 trinitas

291 1107 381 1140 Intra
404 1108 607 1149 principiare.

187 1183 217 1214 3.
245 1182 391 1215 Perfecta
414 1184 596 1224 communio,

290 1231 369 1268 Quia
393 1230 439 1261 nil
457 1230 636 1269 jucundius,

336 1277 396 1308 Est
420 1277 453 1307 in
477 1276 579 1307 tribus
604 1277 729 1315 bonum,

243 1323 341 1354 Amor
365 1327 396 1354 et
420 1323 589 1362 processio,

291 1369 411 1401 Fluxus
436 1370 630 1401 voluntarius

337 1417 517 1448 Monstrant
524 1425 675 1447 summum
688 1416 818 1455 donun13

175 1462 213 1494 V.
244 1463 322 1494 Tres
349 1464 425 1495 dant
448 1463 669 1505 testimonium,

243 1509 322 1541 Tres
347 1518 441 1541 unum
465 1510 665 1549 principium,

336 1557 459 1588 Tenent
481 1566 575 1587 unum
600 1557 755 1588 thronum.

314 1679 359 1711 In
385 1681 416 1713 2.
442 1678 669 1712 Nocturno.

382 1752 576 1787 Antiphonae.

185 1810 214 1841 1.
240 1810 336 1842 Pater
359 1810 454 1841 rebus
477 1810 637 1851 originem,

288 1857 428 1889 Verbum
454 1856 507 1887 dat
534 1865 602 1887 esse
625 1865 733 1887 verum

239 1903 285 1934 Et
306 1904 430 1935 bonitas
453 1902 629 1942 imaginem,

289 1950 392 1983 Unica
418 1958 512 1981 causa
533 1958 647 1981 rerum.

184 2026 215 2058 2.
240 2024 376 2056 Eructat
398 2026 490 2063 pater
514 2023 612 2055 filium

288 2071 376 2103 Sicut,
396 2078 483 2102 mens
508 2070 637 2102 verbum
662 2071 786 2111 bonum,

239 2118 342 2150 Ambo
367 2126 460 2149 unum
485 2117 676 2157 principium

287 2166 459 2197 Aeternum
483 2164 605 2203 spirant
629 2165 754 2196 donum.

185 2243 215 2274 3.
241 2242 337 2273 Pater
362 2242 543 2271 cunctorum
568 2240 677 2279 gloria,

285 2288 335 2319 Ex
361 2296 420 2327 quo
447 2290 560 2317 cuncta
585 2288 732 2318 creantur

238 2335 301 2366 Per
323 2335 461 2375 verbum,
492 2342 550 2373 per
575 2334 658 2373 quod
684 2333 788 2364 omnia

288 2381 409 2426 Spiritu
435 2383 668 2416 conservantur,

1058 231 1263 265 Responsoria.

864 288 895 319 1.
924 287 999 320 Cum
1025 288 1094 327 quis
1120 288 1259 327 possidet
1284 287 1411 328 socium,

968 333 1028 365 Est
1049 335 1192 373 jucunda
1210 334 1367 374 possessio

1016 380 1061 412 Et
1084 383 1177 420 grata
1196 380 1389 420 jucunditas,

924 427 977 458 Sic
1001 429 1094 466 pater
1117 428 1216 467 gignit
1242 425 1350 465 filium,

970 473 1015 505 Ut
1038 473 1200 504 amborum
1226 472 1377 503 connexio

1018 520 1115 551 Plena
1138 520 1180 551 sit
1204 517 1351 551 felicitas.

865 567 903 599 V.
923 565 1014 606 Nam,
1042 575 1081 598 ne
1104 567 1146 597 sit
1170 566 1343 598 solitarium

923 613 1071 652 Verbum,
1097 614 1231 653 requirit
1253 613 1348 643 alium

1015 660 1179 699 Completa
1204 660 1355 691 suavitas,

850 736 881 766 2.
907 734 1069 766 Abraham
1096 736 1169 767 dum
1195 736 1228 766 in
1253 735 1332 766 ostio

918 782 997 813 Tres
1022 782 1102 813 vidit
1123 782 1154 814 in
1182 782 1338 814 consortio

965 829 1133 868 Prospexit
1160 828 1344 867 trinitatem,

918 874 988 906 Hoc
1013 876 1098 914 capit
1122 876 1154 906 in
1180 875 1330 915 mysterio

918 921 1057 953 Indiviso
1084 923 1219 954 dominio

964 969 1002 1000 In
1026 969 1127 1000 tribus
1152 969 1311 1006 unitatem,

859 1016 897 1048 V.
916 1016 954 1047 In
978 1015 1090 1055 tribus,
1117 1024 1248 1055 quorum
1274 1015 1347 1045 unio

916 1061 1113 1101 1ndifferens,
1139 1063 1235 1094 corde
1259 1062 1312 1101 pio

962 1108 1087 1140 Adorat
1110 1110 1315 1148 majestatem.

860 1184 891 1215 3.
918 1183 1022 1214 Patris
1047 1192 1241 1223 nequaquam
1267 1191 1365 1215 vacua

962 1229 1025 1260 Sed
1051 1230 1173 1262 bonitas
1197 1230 1376 1269 largissima

1010 1276 1050 1307 Se
1082 1277 1229 1308 diffundit
1252 1277 1284 1307 in
1308 1275 1417 1317 filium,

918 1323 971 1355 Sic
995 1323 1155 1354 amborum
1180 1323 1300 1362 irrigua

966 1368 1087 1401 Crescit
1113 1371 1226 1402 caritas
1251 1371 1397 1409 maxima,

1011 1418 1077 1454 Qua
1095 1418 1218 1456 spirant
1234 1417 1325 1448 simul
1338 1417 1465 1450 tertium

859 1464 895 1494 V.
916 1462 1031 1494 Sancta
1056 1467 1087 1494 et
1110 1463 1275 1495 individua

963 1509 1102 1541 Trinitas
1127 1509 1359 1550 perfectissima

1010 1557 1088 1588 Tres
1114 1561 1145 1588 et
1168 1557 1240 1589 unio
1265 1557 1368 1587 trium.

980 1678 1024 1709 In
1050 1680 1081 1712 3.
1107 1679 1333 1711 Nocturno.

1056 1753 1252 1788 Antiphonae.

858 1812 888 1843 1.
915 1811 1061 1843 Personis
1087 1814 1135 1842 est
1158 1810 1323 1849 pluralitas

961 1858 999 1889 In
1023 1860 1135 1888 natura
1160 1857 1306 1895 simplici,

915 1904 961 1936 Ut
983 1904 1016 1934 in
1040 1906 1156 1942 puncto
1180 1903 1366 1941 simplicitas

962 1950 1121 1989 Respectu
1149 1950 1328 1989 multiplici.

858 2028 889 2059 2.
915 2025 1034 2064 Nequit
1057 2026 1183 2057 trinitas
1208 2026 1333 2068 mutari,

962 2072 997 2104 Si
1020 2072 1062 2103 ad
1087 2081 1143 2103 nos
1167 2072 1333 2114 referatur,

916 2119 969 2151 Sic
995 2121 1024 2149 et
1049 2119 1150 2150 minus
1175 2119 1302 2159 variari,

964 2166 1001 2197 ln
1025 2166 1139 2205 pignus
1163 2166 1192 2197 si
1211 2169 1357 2206 ponatur.

860 2243 891 2274 3.
918 2241 993 2274 Cum
1019 2241 1173 2273 immensa
1194 2242 1237 2273 sit
1259 2242 1396 2283 trinitas,

964 2287 1122 2327 Nusquam
1149 2290 1242 2328 plene
1268 2290 1400 2331 eapitur,

920 2335 1010 2367 Licet
1033 2335 1075 2366 sit
1099 2336 1233 2375 simplex
1257 2337 1371 2375 unitas,

962 2382 1029 2421 Qua
1049 2383 1153 2421 Justus
1176 2381 1361 2423 perfruitur.
