1652 2615
239 229 339 269 Salus,
365 238 463 270 amor,

285 285 358 318 pax,
383 276 434 307 lex
459 276 640 315 munditiae,

238 321 337 354 Grata
363 322 443 354 dona

285 369 399 401 dantur
423 368 616 408 hominibus3

237 415 283 448 Sit
308 423 379 454 spes
403 414 510 454 lapsis,

285 461 325 491 sit
349 462 435 492 locus
459 461 578 500 veniae,

235 506 374 539 Moestus
400 510 498 546 sanet,

282 553 373 584 sistat
402 553 596 585 coelestibus.

296 675 356 707 Ad
379 675 647 707 Matutinum.

368 758 580 785 Invitatorium.

240 823 384 863 Mariam,
410 827 541 855 matrem
565 825 694 866 gratiae,

281 869 402 902 Devote
428 870 648 914 collaudemus,

236 918 353 956 Jesum‚
382 917 537 948 dominum
562 917 689 957 gloriae,

283 962 401 1005 Venite,
435 964 610 997 adoremus,

296 1085 339 1116 In
367 1085 397 1116 1.
424 1085 649 1118 Nocturno.

380 1167 571 1203 Antiphonae.

183 1233 213 1263 1.
238 1232 346 1264 Bubus
371 1233 510 1265 ardendo
534 1235 662 1265 virescit

280 1278 324 1309 Et
345 1280 488 1312 miranda
512 1280 643 1318 nuntiat,

232 1325 328 1364 Virga
352 1326 441 1358 Jesse
465 1326 565 1359 virum
589 1328 699 1367 nescit,

280 1371 381 1403 Deum
405 1373 495 1404 nobis
519 1374 632 1412 pariat.

179 1429 210 1459 2,
236 1428 321 1468 Ignis
346 1428 488 1460 columna
511 1430 674 1468 praecedit

280 1474 405 1507 Coetum
432 1474 652 1518 confitentium,

232 1521 303 1553 Jam
329 1522 463 1561 Aegypti
490 1531 551 1553 nox
575 1522 716 1555 abscedit

279 1567 323 1598 Et
347 1569 468 1607 peccati
494 1569 626 1602 devium.

177 1624 208 1655 3.
234 1623 352 1655 Manna
377 1625 453 1655 coeli
478 1624 567 1656 nobis
591 1625 692 1666 datur,

279 1669 348 1712 Cor,
375 1674 510 1702 mentem
533 1671 687 1715 reficiens,

230 1717 323 1748 Anna
346 1718 470 1757 quando
495 1716 682 1751 fecundatur

276 1762 336 1794 Dei
359 1767 489 1795 matrem
514 1766 659 1804 gestiens,

363 1846 556 1882 Responsoria

175 1902 203 1933 1.
230 1903 316 1934 Arca
337 1903 416 1944 legis

275 1958 390 1981 arcana
412 1950 575 1989 proferens

229 1995 328 2036 Intus,
353 1995 431 2027 foris

277 2050 372 2074 aurea
395 2043 543 2081 cernitur,

231 2089 368 2127 Virgam,
393 2098 511 2131 urnam,

276 2134 414 2166 tabulam
440 2136 609 2174 continens,

230 2182 327 2213 Plena
351 2182 439 2214 bonis

274 2230 389 2261 mundo
412 2229 571 2263 tribuitur.

156 2276 193 2307 V.
226 2276 290 2308 Nos
316 2276 429 2307 amoris
456 2285 532 2309 auro
557 2277 643 2316 tegit,

225 2323 291 2354 Deo
317 2322 430 2363 pascit,
456 2322 579 2355 Christo
605 2324 697 2364 regit,

272 2370 417 2404 Veritate
444 2369 560 2411 dirigit.

792 134 930 169 64-

851 231 882 261 2.
908 229 1018 261 Vellus
1041 230 1148 261 madet
1170 230 1328 262 Gedeonis

908 275 952 307 Et
979 276 1114 307 inundat
1139 277 1217 308 coeli
1244 276 1333 307 donis

955 322 999 353 Et
1024 322 1174 354 virtutum
1202 323 1300 362 copia,

910 368 981 399 Vim
1011 368 1210 399 transcend-it
1231 369 1373 407 rationis,

909 413 998 451 Quod
1016 415 1176 445 sedentem
1194 415 1321 447 summis
1338 415 1458 446 thronis

956 460 1081 499 Regant
1106 460 1216 491 matris
1246 462 1365 499 gremia

956 506 1020 538 Sub
1048 507 1149 538 carnis
1171 506 1357 540 substantia.

840 555 875 586 V.
906 553 1108 593 obstupescit
1132 553 1184 585 hic
1207 556 1331 593 natura,

907 599 988 632 Dum
1019 603 1180 632 mutantur
1202 609 1259 631 sua
1279 601 1361 639 jura,

954 647 1042 686 Quod
1068 650 1224 686 regentem
1251 648 1363 679 omnia.

851 705 881 736 3.
908 702 1052 735 Thronus
1077 703 1205 743 grandis

955 754 987 781 et
1010 749 1207 781 admirabilis

908 797 1000 833 Actu,
1026 796 1137 835 forma,

955 843 1070 874 virtute
1093 843 1217 883 legitur,

907 889 1026 929 Justus,
1051 890 1131 932 pius,

952 939 1062 975 potens
1089 940 1120 967 et
1143 936 1269 968 humilis

906 982 1056 1022 Princeps
1079 983 1166 1022 pacis

952 1030 982 1060 in
1009 1038 1044 1060 eo
1070 1030 1201 1069 sistitur,

906 1076 1024 1115 Culpae
1047 1075 1154 1115 lapsus

951 1131 1009 1161 per
1034 1130 1103 1153 eum
1126 1123 1259 1155 tollitur.

836 1169 873 1202 V.
903 1169 971 1201 Non
999 1171 1047 1200 est
1070 1170 1143 1201 talis

950 1224 1009 1246 nec
1033 1215 1093 1245 erit
1117 1216 1238 1258 similis,

903 1262 1023 1302 Dulcis,
1050 1262 1195 1303 clemens,

949 1309 1034 1340 mitis
1060 1311 1091 1339 et
1113 1309 1210 1340 utilis.

962 1402 1007 1433 In
1034 1403 1065 1433 2.
1092 1402 1319 1435 Nocturno.

1051 1466 1242 1501 Antiphonae.

845 1524 873 1555 1.
900 1525 1006 1555 Aaron
1031 1523 1119 1562 virga
1142 1522 1326 1564 frondescit,

947 1570 997 1601 De
1022 1579 1082 1610 qua
1106 1569 1228 1601 fruetus
1255 1571 1365 1610 oritur,

901 1618 966 1655 Quo
991 1616 1117 1648 morbus
1142 1625 1214 1649 mox
1241 1619 1409 1658 evanescit,

948 1663 1012 1702 Quo
1036 1672 1122 1694 mors
1147 1668 1256 1696 nostra
1280 1666 1422 1700 moritur.

846 1721 875 1752 2.
903 1720 1003 1751 Terra
1025 1720 1118 1759 lacte,
1144 1720 1238 1751 melle
1262 1729 1393 1753 manans

948 1765 1094 1798 Patribus
1119 1767 1323 1806 promittitur,

896 1813 947 1845 Ex
971 1813 1075 1844 Maria
1100 1813 1219 1845 coelum
1245 1815 1364 1846 donans

943 1859 1145 1891 Homo-Deus
1169 1861 1318 1893 nascitur.

844 1916 873 1947 3.
901 1915 980 1947 Auri
1005 1918 1162 1954 sceptrum
1189 1917 1321 1948 Assueri

945 1961 1037 1993 Pacis
1063 1962 1159 1993 donat
1183 1961 1322 2005 foedera,

901 2009 967 2039 Nos
992 2009 1160 2047 adspectus
1184 2008 1245 2040 Dei
1269 2011 1337 2041 veri

945 2054 1044 2086 Locat
1067 2064 1161 2094 super
1185 2057 1323 2089 aethera.

1036 2128 1240 2164 Responsoria.

841 2186 871 2218 1.
898 2186 1001 2218 Cornu
1024 2186 1092 2217 veri
1116 2185 1278 2227 Samuelis,

899 2234 964 2271 Quo
988 2233 1099 2264 linitur
1123 2233 1214 2272 plebs
1240 2234 1343 2268 fidelis

943 2278 1040 2312 Sacra
1063 2278 1130 2310 fluit
1155 2282 1271 2320 unctio,

896 2326 1060 2360 Sei-vitatis
1084 2327 1139 2358 lex
1163 2328 1300 2361 crudelis

895 2371 1000 2413 Fugit,
1028 2374 1100 2405 dum
1125 2377 1215 2414 grata
1241 2377 1280 2408 de
1303 2379 1400 2411 caelis
