1652 2615
735 129 988 166 -279-

658 251 703 282 98.
734 249 777 281 De
796 250 902 282 sancto
923 249 1050 282 Ubaldo.

341 336 388 368 In
414 336 446 368 1.
473 337 688 377 Vesperis.

417 429 612 466 Antiphonae.

220 494 253 528 1.
278 495 377 527 Adsit
400 497 541 535 gaudens
562 497 595 528 in
621 500 776 530 conventu

329 542 440 575 Clerus
467 546 499 575 et
523 544 619 576 corde
643 545 765 583 devoto,

276 590 378 622 Voces
404 593 516 622 sonent
540 591 573 622 in
600 594 752 623 concentu

325 637 448 676 Populo
473 638 646 677 plaudente
670 640 747 671 toto.

189 691 195 694 “
222 694 254 725 2.
281 693 386 724 Adest
408 702 523 732 nempe
547 695 728 733 vespertina

324 740 414 771 Hora
436 741 519 780 grati
543 742 705 782 temporis,

276 788 374 819 Festa
398 788 546 819 nuntians
571 788 676 820 vicina

326 833 465 866 Gloriosi
494 835 661 874 praesulis.

220 892 250 923 3.
280 890 357 922 Cras
384 890 424 921 de
449 899 545 923 carne
568 899 682 931 nempe
705 892 819 924 mirum

324 937 531 969 Beatissimus
557 938 702 971 Ubaldus

276 984 422 1024 Migrans
447 985 489 1016 ad
513 985 635 1017 caelum
656 995 830 1028 empwum,

325 1031 448 1063 Mundo
466 1035 571 1064 tamen
587 1034 704 1065 mansit
720 1033 830 1065 almus.

219 1088 251 1120 4.
278 1087 416 1120 infinitis
442 1088 566 1120 clarens
590 1088 697 1132 signis,

324 1135 538 1174 Aegrotantes
563 1135 739 1173 liberando,

279 1181 480 1222 Eugubinam
505 1181 616 1214 urbem
644 1183 745 1222 dignis

327 1228 454 1260 Meritis
482 1227 697 1262 clarificando.

221 1288 252 1318 5.
279 1285 365 1325 Ergo
390 1285 492 1317 laetus
519 1288 551 1317 et
574 1284 707 1318 festivus

327 1331 441 1372 Nobis,
467 1335 570 1373 pater,
596 1333 722 1374 adveni,

281 1379 373 1411 Nunc
399 1382 430 1410 et
454 1388 579 1420 semper
603 1380 808 1419 tempestivus

327 1427 401 1458 Tibi
425 1428 535 1466 pronis
560 1427 701 1461 subveni.

400 1500 446 1528 Ad
463 1500 643 1537 Magnificat.

208 1560 248 1593 A.
278 1559 425 1592 Militans
451 1559 586 1591 ecclesia

328 1606 462 1639 Recolat
485 1615 554 1638 cum
577 1606 679 1645 jubilo

280 1655 398 1686 Annua
426 1653 601 1691 sollemnia,

327 1701 483 1733 Revoluto
509 1700 626 1732 circulo

281 1749 369 1789 Dies,
398 1756 480 1788 ecce,
506 1747 697 1780 laetissimus

328 1797 517 1836 Apparente
542 1795 690 1838 diluculo,

282 1843 348 1882 Quo
373 1843 502 1884 praesul
527 1841 800 1882 praeclarissimus

325 1891 396 1923 Jam
423 1894 572 1931 superato
598 1890 722 1922 saeculo

282 1938 359 1971 Cum
384 1938 545 1977 triumpho
571 1937 725 1969 victoriae

281 1985 416 2019 Scandit
436 1985 478 2017 ad
504 1994 602 2026 regna
627 1985 756 2025 gloriae.

347 2090 409 2123 Ad
433 2089 701 2124 Matutinum.

415 2174 632 2202 Invitatorium.

280 2243 461 2276 Adoremus
487 2243 589 2275 Deum
615 2242 742 2280 trinum,

328 2291 526 2331 majestatem
553 2289 812 2331 triumphantem,

282 2339 345 2370 Pro
370 2337 499 2371 Ubaldo
527 2335 709 2370 confessore

331 2387 421 2417 tanta
445 2385 536 2425 signa
559 2384 836 2419 demonstrantem,

1012 341 1058 372 In
1084 339 1116 372 1.
1142 339 1373 372 Nocturno.

1100 422 1296 460 Antiphonae.

901 490 933 522 1.
957 491 997 522 In
1021 492 1125 522 aetate
1149 490 1312 530 primitiva

1004 537 1089 570 Puer
1112 546 1207 576 puros
1232 546 1330 568 annos
1357 536 1482 577 degens,

959 583 1104 616 Ubaldus
1129 585 1198 615 sola
1223 584 1331 615 divina

1006 630 1186 669 suspiravit
1209 639 1314 661 secum
1339 633 1458 670 tegens.

902 688 933 720 2.
959 687 1107 726 Quamvis
1131 687 1238 719 indole
1261 687 1445 726 praeclarus

1006 734 1051 766 Et
1074 733 1238 766 abundans
1262 732 1424 772 facultate,

960 780 1079 813 Cuncta
1091 782 1213 820 sprevit
1225 783 1384 820 tamquam
1393 789 1508 820 gnarus

1005 828 1092 859 Nota
1113 827 1223 860 mundi
1246 829 1396 860 vanitate.

902 885 933 916 3.
959 883 1066 915 Armis
1090 882 1166 915 fidei
1191 884 1350 915 accinctus

1005 932 1246 970 Impugnantem
1262 931 1383 962 hostem
1401 929 1506 970 fregit⁷

959 979 1050 1015 Vota,
1075 986 1154 1017 quae
1177 977 1306 1018 gerebat
1330 978 1425 1017 intus,

1008 1025 1111 1065 Opere
1136 1025 1279 1056 valenter
1304 1025 1376 1065 egit.

1094 1117 1301 1153 Responsoria.

905 1185 934 1216 1.
961 1184 1139 1222 Antequam
1164 1193 1203 1215 ex
1226 1187 1316 1215 utero

1009 1230 1156 1263 Prodiret
1181 1231 1214 1262 in
1238 1231 1339 1261 lucem

960 1277 1107 1310 Ubaldus
1133 1276 1287 1315 amabilis,

959 1325 998 1356 In
1022 1324 1139 1356 sanctis
1163 1324 1329 1367 mirabilis,

961 1372 1048 1404 Deus
1076 1371 1159 1402 hunc
1188 1371 1344 1410 disposuit

1009 1419 1200 1457 Populorum
1226 1418 1354 1460 ducem3

891 1466 928 1497 V.
958 1465 1052 1498 Felix
1075 1465 1134 1496 tali
1157 1464 1223 1498 filio

1010 1512 1162 1544 Genetrix
1186 1512 1316 1552 Ubaldi,

961 1560 1058 1599 Quem
1083 1558 1236 1591 ferentem
1257 1560 1376 1600 jugiter

1008 1606 1164 1639 Vitiorum
1190 1615 1323 1640 crucem.

904 1665 935 1697 2.
963 1663 1057 1696 Ortus
1081 1662 1192 1694 hortus
1216 1663 1336 1693 exstitit

1008 1710 1152 1743 Omnium
1180 1709 1341 1750 virtutum,

962 1756 1094 1789 Florum
1118 1756 1363 1800 pulchritudine,

965 1805 1104 1837 Odorum
1129 1804 1312 1843 spiramine,

964 1853 1136 1884 Fructuum
1164 1851 1331 1883 dulcedine

1009 1899 1178 1931 Vasculum
1207 1898 1379 1941 imbutum3

894 1947 930 1979 V.
963 1947 1122 1981 Christum
1146 1955 1225 1986 puer
1249 1946 1359 1979 sitiens

1011 1994 1173 2026 Ardenter
1196 1993 1330 2033 amabat,

963 2042 1119 2074 Mundum
1149 2044 1181 2073 ct
1205 2050 1285 2080 quae
1309 2041 1418 2075 mundi
1444 2046 1515 2074 sunt

1011 2090 1176 2129 Respuens
1200 2092 1235 2120 ut
1260 2089 1370 2123 lutum.

908 2148 939 2180 3.
968 2147 1084 2180 Volens
1107 2149 1182 2178 vota
1204 2145 1334 2177 vincere

1013 2194 1166 2233 Propriae
1190 2195 1333 2233 naturae,

966 2241 1190 2274 Blandimenta
1214 2242 1318 2271 terere

967 2290 1051 2322 Puer
1080 2288 1183 2319 carnis
1207 2289 1347 2327 tenerae,

968 2335 1157 2376 Suspirabat
1180 2334 1296 2375 gaudia

1016 2383 1144 2416 Gloriae
1168 2381 1312 2425 futurae3
