1652 2615
178 237 209 268 6.
234 235 273 267 In
297 235 430 267 Domino
453 234 599 267 fiduciam

279 282 391 314 Totam
416 282 468 312 hio
488 282 631 321 Jactavit‚

234 327 292 365 Qui
318 328 420 360 carnis
444 328 673 360 immunditiam

282 376 365 406 Vere
391 375 570 406 declinavit.

367 512 570 548 Responsoria.

181 591 208 622 1.
233 589 348 628 Aperit
371 589 463 619 matri
488 587 570 619 filius

279 635 408 666 Secreta
431 634 568 677 visionis,

232 681 318 720 Quae
341 682 495 713 reseravit
518 681 644 712 nuntius

277 727 429 760 Caelestis
452 728 600 769 regionis,

229 775 314 813 Quae
337 776 441 806 mente
464 775 593 806 volvens
619 775 714 805 tacite

233 821 337 852 Mater
362 822 527 859 respondit
551 821 688 852 concite:

277 868 467 899 Immensum
491 867 549 899 tibi
574 868 719 907 gaudium

276 915 410 954 Figurat
431 914 491 945 hoe
514 914 722 953 praesagium.

164 962 201 994 V.
234 961 375 993 Christus
399 960 460 991 Dei
484 959 567 991 filius

235 1006 407 1048 Galganum
432 1006 599 1045 specialius

277 1053 373 1084 Suum
397 1056 488 1084 vocat
508 1061 566 1092 per
590 1054 742 1085 nuntium.

175 1138 206 1168 2,
238 1137 453 1175 Archangelus
479 1137 627 1175 apparuit

235 1183 414 1223 Iteratoque
437 1183 554 1214 monuit

283 1229 465 1268 Gralganum,
492 1231 648 1270 sequatur,

232 1275 285 1306 Ad
308 1274 423 1306 flumen
447 1283 590 1315 magnum
616 1276 752 1313 veniunt,

233 1320 449 1352 Molendinum
475 1321 679 1360 conspiciunt,

280 1368 368 1405 Quod
392 1367 437 1398 ibi
461 1367 640 1406 rotabatur;

166 1413 203 1444 V.
234 1413 392 1445 Decursus
415 1414 626 1452 praesentium

237 1460 469 1491 Mundanorum
494 1459 651 1498 fragilium

279 1507 338 1537 Illo
362 1504 565 1545 figurabatur.

180 1591 210 1622 3.
232 1590 404 1621 Transacto
427 1593 523 1628 ponte
546 1588 634 1622 fluvii

281 1636 409 1667 Pratum
433 1635 545 1668 florum
569 1638 733 1676 reperiunt

326 1682 439 1715 Odoris
462 1681 595 1721 mirifici,

234 1730 419 1760 Ascendunt
441 1735 577 1762 montem
602 1731 698 1771 Sepii‚

281 1775 416 1807 Domum
439 1776 485 1807 ibi
511 1777 705 1815 conspiciunt

329 1822 441 1854 Coetus
467 1823 648 1863 apostolici3

164 1868 202 1900 V.
230 1868 310 1899 Erat
336 1869 443 1900 domus
467 1869 546 1900 haec
567 1871 713 1911 rotunda,

235 1915 299 1947 Ubi
320 1914 414 1946 turba
438 1917 501 1947 stat
521 1917 662 1955 J'ucunda

325 1962 456 1993 Senatus
480 1962 645 2002 magnifici.

175 2047 207 2078 4.
233 2044 364 2076 Librum
386 2045 513 2083 jubetur
537 2046 659 2088 tollere,

233 2092 429 2123 versiculum
452 2092 536 2123 hunc
558 2092 679 2132 legere:

277 2137 402 2170 Literas
427 2139 480 2177 qui
502 2139 654 2180 ignoravi,

279 2184 315 2216 In
338 2186 495 2225 potentias
519 2186 636 2218 intravi

324 2232 434 2263 Divini
455 2241 574 2265 memor
597 2235 745 2277 nominis3

160 2278 198 2312 V.
229 2278 399 2319 Imaginem
423 2281 605 2322 speciosam,

233 2326 329 2365 Quam
353 2327 480 2365 agnovit
502 2328 679 2368 gloriosam,

324 2373 414 2406 Vidit
440 2374 500 2406 Dei
522 2376 668 2408 hominis.

771 142 840 176 220
889 162 934 166 —

967 238 1014 269 In
1039 238 1071 270 2.
1096 237 1322 270 Nooturno.

1044 310 1240 345 Antiphonae.

849 366 877 397 1.
903 365 1047 405 Domine,
1073 367 1142 398 sine
1165 368 1292 399 macula

953 412 1134 452 Ingreditur
1158 421 1322 453 possessor

905 458 941 488 In
964 461 1019 490 tua
1042 458 1247 490 tabernacula

947 505 1033 536 Tuus
1057 505 1110 535 hie
1135 503 1306 539 confessor.

846 570 877 600 2.
904 568 1049 610 Domine,
1073 570 1247 602 laetabitur

950 617 988 648 In
1013 616 1131 647 virtute
1155 620 1210 648 tua

903 662 1046 705 Sanctus
1073 664 1126 702 qui
1151 663 1330 695 servabitur

951 711 988 742 In
1012 710 1152 749 puritate
1176 719 1242 742 sua.

846 776 876 807 3.
902 774 1029 807 Domini
1056 778 1103 806 est
1126 776 1229 815 gratia

948 822 1090 861 Regnum
1119 826 1353 862 praeparatum,

902 868 960 906 Qui
985 871 1091 900 servat
1114 870 1294 901 innocentia

951 915 1012 947 Cor
1035 916 1278 947 immaculatum.

844 983 875 1012 4.
902 980 1029 1012 Exaudi
1053 981 1223 1013 orationem

946 1027 1063 1061 Meam,
1081 1027 1177 1068 Deus,
1204 1037 1265 1067 qua
1282 1030 1446 1068 deprecor,

904 1072 1020 1111 Spatae
1043 1072 1096 1105 fac
1120 1075 1322 1118 sanationem,

950 1119 1017 1157 Qua
1040 1119 1203 1152 confracta
1225 1122 1370 1155 tribulor.

846 1186 877 1216 5.
903 1183 949 1214 Te
974 1185 1065 1216 decet,
1088 1185 1221 1225 hymnus
1246 1187 1341 1219 hodie

951 1230 1085 1271 Gralgani
1105 1241 1213 1264 vocem
1237 1234 1377 1271 audiens,

903 1276 972 1308 Rex
995 1280 1142 1310 aeternae
1166 1279 1295 1321 gloriae,

948 1323 1096 1355 Fractum
1123 1334 1227 1357 ensem
1250 1326 1405 1359 reficiens.

845 1389 876 1420 6.
901 1387 1023 1420 Bonum
1046 1390 1107 1421 tibi
1131 1390 1273 1424 confiteri

951 1435 1092 1468 Creatori
1116 1438 1263 1479 omnium,

904 1480 960 1512 Cui
988 1491 1113 1521 semper
1137 1485 1281 1516 misereri

949 1527 1025 1560 Fuit
1049 1533 1081 1560 et
1106 1534 1153 1561 est
1176 1533 1349 1571 proprium.

1036 1611 1242 1647 Responsoria.

846 1667 876 1698 1.
901 1666 983 1698 Dum
1009 1668 1050 1700 ad
1076 1672 1211 1702 castrum
1238 1671 1402 1706 Civitellae

946 1715 1057 1754 Pergit
1079 1724 1187 1757 equus,
1211 1721 1298 1750 stans
1322 1721 1356 1752 in
1380 1722 1434 1753 via

997 1762 1101 1800 Prope
1110 1767 1245 1796 castrum
1256 1766 1450 1807 Lugrianum

905 1805 1100 1840 Contradioit
1122 1819 1178 1842 suo
1202 1812 1295 1853 velle,

948 1854 1054 1886 Motus
1080 1860 1149 1888 orat
1173 1866 1250 1889 voce
1273 1861 1344 1899 pia:

995 1901 1090 1942 Deus,
1120 1904 1220 1946 dirige
1246 1905 1430 1946 Galgannm.

833 1946 870 1978 V,
900 1946 1038 1979 Primum
1062 1949 1168 1982 Adam
1192 1953 1245 1991 qui
1268 1954 1446 1996 plasmasti,

901 1993 982 2024 Mihi
1007 2004 1128 2035 quoque
1154 1998 1376 2033 demonstrasti

995 2041 1152 2081 Spernere
1188 2050 1271 2077 nune
1298 2049 1447 2081 mundum

1221 2102 1345 2129 vanum.

845 2144 873 2173 2.
901 2143 999 2174 Prece
1022 2142 1098 2176 fletu
1121 2148 1289 2181 terminat-a

899 2188 1008 2230 Equus
1037 2194 1123 2225 motu
1148 2196 1277 2234 proprio

948 2236 1056 2278 Pergit
1081 2241 1237 2273 condenso
1260 2252 1388 2277 nemore

901 2282 1020 2317 Sistens
1044 2290 1150 2319 monte
1172 2289 1276 2332 Sepio,

900 2329 964 2361 Ubi
987 2336 1093 2364 manet
1113 2334 1177 2368 fixa
1200 2340 1301 2378 spata,

946 2378 1057 2412 Manet
1081 2384 1164 2414 omni
1188 2387 1339 2424 tempore.
