1652 2615
761 143 996 180 -59-1..

295 236 410 279 Maria,
438 237 508 271 fons
533 239 664 282 gratiae,

296 284 381 316 Fons
406 287 653 327 misericordiae,

343 331 428 363 Fons
454 333 626 365 hortorum.

261 411 268 418 .
296 386 409 419 Gratia
431 389 621 429 gratissima,

297 434 392 473 Virgo
418 436 647 476 potentissima,

345 481 404 513 Via
428 491 559 524 morum,

297 528 398 559 Plena
428 532 536 561 sancto
563 531 687 569 spiritu,

294 575 382 606 Pone
406 584 463 606 nos
488 576 520 607 in
546 577 633 608 exitu

342 621 557 654 Peccatorum.

238 698 269 710 ‹.
295 677 449 709 Dominus
473 687 552 717 prae
576 679 707 719 singulis

294 724 407 757 Servet
431 734 450 756 a
474 725 624 764 periculis

341 772 441 803 Istum
467 772 606 813 chorum,

294 819 422 858 Tecum,
449 817 507 850 flos
532 819 718 860 munditiae,

292 865 399 897 Ducat
422 874 479 897 nos
504 866 537 897 in
562 867 671 906 requie

342 913 411 945 Rex
437 913 607 945 coelorum.

468 987 562 1014 Prosa
581 984 607 1013 2.

260 1060 267 1066 .
295 1034 359 1066 Ora
385 1034 554 1071 Christum,
581 1037 683 1065 mater
709 1034 825 1066 Christi

294 1081 366 1124 Ora,
393 1090 484 1121 quem
510 1084 544 1112 tu
569 1082 741 1121 concepisti

343 1128 417 1160 Sine
440 1128 502 1159 viii
527 1129 656 1167 semine,

295 1176 359 1208 Ora
383 1179 518 1215 patrem,
544 1184 600 1206 ora
624 1177 742 1216 natum,

293 1222 395 1254 Deum
424 1231 532 1254 verum
560 1222 599 1253 de
623 1224 656 1253 te
680 1224 798 1261 natum,

339 1269 506 1301 Hominem
532 1278 590 1308 pro
615 1269 749 1301 homine„

260 1350 267 1358 .
294 1326 368 1365 Ora,
395 1334 487 1365 quem
512 1325 545 1357 in
572 1326 673 1356 crucis
699 1334 755 1356 ara

291 1373 398 1405 Morte
421 1375 579 1404 mortuum
604 1381 712 1404 amara

340 1420 439 1452 Vides
467 1418 691 1462 dolentissima,

294 1468 367 1507 Ora,
393 1476 485 1507 quem
509 1467 591 1498 mire
615 1469 793 1506 surgentem

293 1514 337 1547 Et
361 1517 510 1554 patenter
535 1514 757 1546 ascendentem

339 1561 449 1594 Cernis
475 1561 516 1593 ad
542 1560 706 1593 aitissima.

258 1646 264 1652 .
292 1619 365 1661 Ora,
391 1626 483 1658 quem
508 1618 570 1649 scis
595 1617 772 1649 rediturum

290 1665 335 1697 Et
359 1668 488 1697 cunctos
510 1665 726 1704 judicatumm

337 1713 374 1744 In
406 1713 457 1744 die
479 1712 612 1752 judicii;

294 1761 358 1793 Ora
383 1768 463 1800 eum,
491 1762 523 1790 te
548 1768 722 1802 precemur,

291 1808 364 1846 Ora,
390 1809 427 1839 ut
450 1807 504 1847 pie
528 1807 696 1841 salvemur.

339 1856 369 1887 A
393 1863 497 1894 poena
520 1854 680 1894 supplicii.

829 1061 837 1076 7

388 1950 466 1982 Die
490 1950 685 1982 Veneris.

416 2015 462 2042 Ad
481 2013 660 2050 Mag-nificat.

252 2088 259 2095 .
290 2063 343 2095 Ad
371 2063 514 2094 dextram
539 2063 606 2094 nati
631 2063 785 2103 residens,

340 2110 461 2149 Regina
486 2110 564 2141 coeli
588 2109 716 2150 nobilis,

293 2156 421 2188 Cunctis
444 2156 546 2188 beatis
571 2157 769 2197 praesidens,

339 2203 399 2234 His
424 2212 482 2234 nos
504 2204 602 2243 jung-e
627 2203 798 2235 coelicolis,

253 2286 259 2292 .
290 2260 374 2294 Dum
401 2260 521 2290 coelum
547 2260 687 2299 scandis,

341 2316 359 2338 o
384 2307 463 2338 coeli
490 2306 627 2346 domina,

292 2352 475 2393 Refulgenti

340 2401 455 2432 amicta
479 2401 557 2440 sole,

981 240 1101 273 Cuncta
1123 236 1182 271 tibi

1024 290 1192 318 occurrunt
1220 283 1344 326 agmina

976 334 1182 366 Laetabunda

1024 390 1093 412 cum
1116 385 1170 412 tua
1195 380 1294 419 prole.

938 455 945 463 ‚
976 429 1012 459 In
1038 427 1168 459 excelsis
1193 427 1371 465 sublimata,

977 475 1094 506 Nostra
1118 482 1242 513 semper
1266 474 1421 505 advocata

1024 521 1085 560 Sis,
1111 521 1218 560 regina
1242 520 1370 560 gloriae.

1155 590 1249 616 Prosa
1269 587 1294 615 1.

943 668 951 676 .
979 643 1098 681 Gaude,
1131 643 1217 681 virgo
1242 642 1429 683 praeelecta,

978 690 1099 732 Gaude,
1127 697 1207 729 quae
1230 689 1309 719 mire
1334 690 1486 727 concepta

1023 736 1068 768 Es
1094 744 1132 767 ex
1156 738 1258 766 matre
1282 735 1406 775 sterili,

977 783 1098 822 Gaude,
1124 790 1204 822 quae
1227 783 1327 821 stirpe
1350 781 1450 821 regali

977 830 1086 863 Ortum
1111 837 1188 861 voce
1212 829 1393 868 prophetali

1023 876 1138 908 Trahis
1163 875 1255 907 modo
1279 875 1388 906 nobili.

942 957 949 964 .
976 932 1097 974 Gaude,
1124 940 1204 971 quae
1230 931 1303 962 dum
1328 931 1476 962 salutaris

977 979 1136 1018 Gabriele,
1163 978 1340 1018 gravidaris

1021 1025 1083 1057 Dei
1106 1025 1287 1066 unigenit03

977 1072 1097 1110 Gaude,
1127 1080 1186 1103 vae
1212 1071 1329 1103 doloris
1356 1079 1476 1110 carens,

976 1119 1136 1151 Christum
1161 1119 1248 1157 pariS
1274 1117 1362 1157 virgo
1387 1127 1515 1149 manens

1022 1165 1179 1205 Singulari
1204 1165 1326 1196 me1ito.

941 1248 948 1255 .
976 1222 1097 1262 Gaude,
1123 1229 1201 1260 quae
1225 1221 1303 1260 legis
1328 1221 1511 1253 mandatum

973 1268 1187 1307 Adimplendo
1212 1270 1300 1298 tuum
1324 1270 1432 1299 natum

1023 1314 1122 1348 Offers
1149 1323 1217 1345 cum
1242 1315 1442 1354 muneribus3

975 1362 1095 1400 Gaude,
1122 1361 1155 1392 in
1181 1361 1301 1392 coelum
1327 1365 1499 1404 assumpta,

974 1409 1095 1450 Gaude,
1121 1411 1174 1440 tuo
1200 1410 1274 1439 nato
1297 1409 1418 1447 Juncta,

1021 1456 1084 1488 Ora
1111 1464 1169 1495 pro
1194 1454 1353 1487 fidelibus.

1147 1524 1241 1551 Prosa
1260 1522 1286 1550 2.

939 1604 946 1611 .
974 1578 1073 1617 Virga
1097 1577 1197 1616 Jesse,

1022 1625 1119 1663 Quam
1144 1625 1238 1656 Anna
1261 1625 1398 1665 peperit,

973 1672 1085 1712 Deum,
1113 1680 1182 1703 esse

1022 1719 1079 1758 Qui
1104 1720 1196 1751 homo
1222 1718 1331 1758 voluit,

971 1767 1066 1799 Hunc
1091 1774 1221 1798 necesse

1020 1812 1085 1846 Per
1108 1815 1179 1846 Ave
1204 1813 1352 1853 concipit.

940 1897 946 1904 .
972 1871 1058 1904 Hinc
1089 1871 1183 1902 enixa

1021 1919 1098 1951 Post
1122 1918 1211 1957 virgo
1236 1918 1373 1959 peperit,

975 1966 1047 1998 Non
1073 1966 1189 1997 amissa

1022 2013 1091 2051 Qua
1114 2013 1184 2043 luce
1210 2012 1333 2050 claruit,

976 2059 1075 2092 OfferL
1097 2060 1178 2100 ipsa,

1023 2107 1149 2139 Simeon
1174 2107 1316 2146 suscipit.

941 2188 948 2195 .
973 2163 1134 2196 Educavit

1022 2210 1116 2242 Hunc
1140 2210 1228 2249 virgo
1253 2209 1363 2248 filium,

976 2257 1073 2295 Quem
1100 2256 1262 2288 damnavit

1022 2304 1125 2336 Judae
1151 2303 1325 2341 consilium,

974 2351 1130 2382 Punctum
1157 2350 1244 2381 dolet

1021 2397 1075 2429 Sic
1100 2397 1188 2436 virgo
1212 2395 1323 2429 filium,
