1652 2615
716 131 974 166 —283-

219 223 252 256 2.
277 222 361 254 Dum
386 225 473 255 recto
497 225 586 256 laxat
610 224 727 258 famine

269 269 329 301 Vir
351 273 479 302 sanctus
503 272 642 311 linguam
666 273 758 313 pueri

325 316 450 357 speleis
474 318 497 349 11
515 318 546 350 ic
569 319 604 351 in
625 320 701 360 oris,

271 363 343 396 Uno
370 368 561 397 concurrunt
585 367 709 406 agmine

271 410 424 451 GentileS,
450 413 562 451 quibus
587 415 696 453 superi

316 458 434 490 Lucem
458 459 594 499 praebet
616 460 806 503 splendoris,

198 504 240 537 V.
269 504 355 536 Dum
379 515 460 545 puro
486 506 549 538 frui
572 507 692 539 lumine

269 552 333 584 Per
356 553 440 584 hunc
466 554 522 585 dat
547 562 639 586 caeco
667 554 766 586 veteri

317 599 454 640 Superni
478 601 579 633 virtus
603 602 694 633 roris.

211 656 244 687 3.
267 656 357 687 Inter
381 657 540 695 procellas
564 656 711 689 obrutam

269 702 392 734 Navem
413 703 479 742 J'am
503 712 634 743 prorsus
658 704 787 736 viduam

316 749 483 790 Regimine
507 752 675 782 nautarum

268 797 371 836 Hujus
397 797 499 828 sancti
524 796 672 837 suffragio

271 844 322 876 Ad
347 847 475 883 portum
501 844 589 877 ducit
613 845 717 878 subito

316 891 418 923 Jubar
441 890 602 932 refulgens
629 893 766 932 clarum3

197 938 236 971 V.
267 938 389 970 Nautas
416 939 603 971 clamantes:
630 948 778 980 propera,

268 985 443 1025 Victorine,
467 995 525 1018 nos
548 985 652 1018 libera

316 1032 368 1064 De
393 1031 562 1071 profundis
588 1042 749 1072 aquarum.

328 1157 375 1189 In
401 1156 432 1187 3.
458 1155 687 1188 Nocturno.

410 1229 604 1265 Antiphonae.

212 1288 241 1321 1.
267 1287 331 1319 Hic
354 1288 387 1319 in
414 1296 555 1319 errorum
581 1287 689 1319 nubilo

315 1334 462 1367 Nutritos
486 1334 661 1366 insolenter

268 1382 405 1413 Divinae
429 1382 509 1413 lucis
532 1381 623 1413 radio

315 1429 479 1461 Illuminat
504 1429 685 1462 clementer.

211 1487 242 1518 2.
267 1485 314 1517 Et
337 1484 399 1516 Dei
422 1485 560 1523 primum
584 1484 680 1516 effera

316 1532 401 1564 Gens
428 1531 536 1572 effugit
558 1532 770 1574 splendorem,

268 1579 366 1618 Quem
390 1581 465 1618 post
489 1579 606 1612 excelsi
632 1579 765 1611 dextera

314 1626 487 1658 Pristinum
515 1628 618 1658 mutat
641 1635 769 1659 morem.

211 1686 243 1718 3.
270 1684 437 1716 Talentum
464 1683 572 1715 datum
598 1684 729 1715 caelitus

315 1730 439 1762 Fidelis
467 1730 667 1770 dispensator

266 1777 499 1818 Multiplicavit
521 1776 675 1820 fervidus,

315 1824 426 1858 Divini
451 1824 541 1857 verbi
566 1827 661 1857 sator.

407 1909 616 1945 Responsoria.

208 1970 239 2002 1.
264 1968 429 2008 Exsurgat
453 1967 544 2007 plebs
569 1965 713 1999 fidelium

313 2017 351 2049 In
376 2017 552 2054 martyrum
575 2014 755 2054 praeconia,

264 2064 419 2096 Laetetur
449 2071 503 2094 cor
529 2062 723 2094 credentium

311 2109 468 2143 Victorini
493 2109 638 2151 victoria,

265 2159 361 2198 Cujus
392 2157 551 2189 excelsum
575 2158 723 2189 meritum

310 2207 373 2238 Tot
398 2205 589 2245 depromunt
611 2205 765 2246 insignia;

191 2255 230 2287 V.
260 2253 375 2295 Hujus,
402 2251 481 2284 felix
505 2252 674 2293 Assisium,

311 2302 417 2334 Ovans
447 2300 515 2332 cole
539 2299 716 2341 sollemnia,

263 2348 327 2380 Per
352 2356 444 2389 quem
470 2350 503 2379 te
523 2348 621 2387 J'ussit
645 2347 787 2380 nubilum

313 2397 477 2436 supernae
501 2394 581 2427 lucis
606 2396 732 2435 gaudia.

895 229 927 260 2.
954 227 1065 261 Carnis
1089 228 1166 261 luxu

1000 274 1123 307 devicto
1148 276 1274 315 penitus

951 322 1040 353 Intus
1066 326 1225 362 comptum

997 368 1122 401 fervore
1147 370 1277 410 spiritus

948 415 1035 455 Ignis
1060 419 1165 448 aestus

995 463 1104 502 injecti
1130 463 1269 496 concitus

949 509 1144 542 Victorinum

997 560 1163 589 conservat
1187 558 1334 599 caelitus,

909 626 917 634 .
949 603 1046 642 Quem
1070 603 1195 636 interna
1219 605 1274 636 lux
1297 606 1449 646 incendit,

948 648 1041 682 Foris
1066 650 1148 690 ignis
1172 660 1236 683 non
1259 653 1414 685 accendit.

1032 772 1077 805 In
1103 772 1130 804 L
1141 782 1160 804 a
1168 783 1190 804 n
1201 773 1218 804 d
1229 773 1240 803 i
1253 773 1271 805 b
1283 783 1303 805 u
1312 784 1337 806 s.

1088 847 1286 883 Antiphonae.

914 928 922 935 .
949 904 1146 937 Victorinum
1176 905 1329 937 Dominus

995 951 1101 982 induit
1126 952 1281 991 decorem,

949 998 1013 1029 Per
1037 1006 1127 1037 quem
1152 998 1243 1030 nobis
1268 998 1344 1030 fidei

994 1044 1108 1076 tribuit
1131 1046 1342 1084 splendorem.

917 1126 922 1132 .
949 1101 1071 1140 Lauda,
1098 1101 1182 1142 Sion,
1208 1101 1386 1144 Dominum,

995 1147 1092 1179 lauda
1115 1149 1313 1192 salvatorem,

950 1194 1047 1232 Quem
1070 1196 1103 1225 te
1126 1197 1213 1227 tuum
1240 1195 1347 1229 docuit

995 1243 1117 1280 martyr
1140 1243 1381 1281 redemptorem.

915 1324 922 1330 .
949 1298 1083 1337 Christe,
1109 1300 1179 1330 tuos
1204 1296 1286 1329 filios

997 1343 1048 1376 fac
1071 1347 1145 1384 post
1168 1348 1201 1377 te
1224 1346 1343 1386 venire,

950 1391 1047 1430 Quem
1071 1392 1124 1423 hic
1147 1393 1248 1424 solum
1275 1393 1380 1424 docuit

993 1440 1115 1477 martyr
1138 1448 1195 1471 nos
1222 1439 1322 1473 sitire.

917 1521 924 1528 .
952 1495 1076 1528 Christo
1100 1495 1292 1536 benedicite,

995 1542 1099 1574 omnia
1125 1546 1240 1583 creata,

949 1590 1010 1622 Per
1034 1598 1125 1629 quem
1150 1592 1258 1622 servat
1281 1594 1451 1631 martyrem

995 1636 1110 1669 fornax
1137 1636 1343 1672 inflammata.

914 1716 921 1723 .
947 1694 986 1726 In
1010 1694 1136 1733 hymnis
1164 1696 1194 1725 et
1221 1695 1352 1726 canticis

996 1740 1154 1773 Christum
1180 1741 1360 1773 collaudate

947 1789 1035 1828 Ignis
1059 1788 1093 1818 in
1116 1788 1263 1820 incendio

995 1843 1087 1876 quem
1110 1839 1232 1876 martyr
1256 1834 1385 1868 fatetur.

1061 1909 1106 1936 Ad
1124 1909 1309 1938 Benedictus.

911 1994 917 2000 .
948 1968 972 2000 O
998 1968 1152 2000 virtutum
1174 1968 1321 2008 insigniis

949 2014 1124 2047 Coruseans
1149 2017 1181 2047 et
1203 2016 1371 2059 prodigiis,

994 2063 1125 2096 Praesul
1152 2066 1184 2095 et
1206 2065 1329 2103 martyr
1352 2063 1473 2103 inclite,

993 2111 1181 2143 Precantum
1207 2113 1282 2142 vota
1305 2110 1431 2150 suscipe

1042 2158 1091 2191 De
1115 2159 1199 2191 valle
1222 2158 1441 2201 lacrimarum3

948 2204 1092 2237 Clemens
1118 2214 1267 2237 succurre
1291 2205 1425 2245 miseris,

946 2253 1065 2292 Quibus
1091 2253 1208 2284 erroris
1233 2253 1349 2284 veteris

992 2300 1042 2332 De
1065 2300 1206 2331 tenebris
1230 2309 1288 2331 nos
1313 2308 1427 2332 eruens

993 2347 1037 2379 Et
1061 2355 1169 2379 verum
1193 2348 1298 2379 lumen
1323 2346 1456 2379 influens

1041 2393 1136 2427 Sidus
1162 2394 1279 2427 fulsisti
1305 2395 1433 2427 clarum.
