1652 2615
734 133 989 169 —233—

412 226 619 264 Responsoria.

222 292 252 324 1.
279 293 435 325 Vesuvius
458 304 547 326 mons
571 296 700 326 nimium

329 339 409 379 Igne
435 347 663 381 concrematur,

283 385 421 425 TimenS‚
448 397 489 420 ne
511 389 546 420 in
573 389 697 420 devium

332 433 479 466 Flamma
503 436 723 475 protendatur,

278 479 402 511 Exorat
426 481 620 520 Januarium,

327 526 373 558 Ut
398 528 459 560 cito
486 529 714 569 exstinguatur,

211 572 246 604 V.
275 573 371 605 Plebs
397 575 501 607 vicina
526 576 651 615 civium,

283 620 446 659 Oppressa
469 624 552 654 mole
577 624 714 654 cinerum

329 667 410 699 Dira
433 670 628 702 molestatur.

225 732 255 763 2.
282 731 422 773 Fulgens
449 735 558 766 habitu
581 734 750 774 splendido

328 779 430 812 Nocte
454 782 641 822 apparuisti,

279 826 498 859 Florentinum
522 829 555 859 in
578 828 693 859 lectulo

326 873 426 906 Manu
450 875 701 915 apprehendisti,

280 920 425 960 signans,
453 923 538 961 quod
561 922 595 953 iu
619 922 712 953 avido

324 967 454 1000 Honore
475 969 659 1008 provexisti,

209 1013 245 1046 V.
278 1014 422 1046 Orationi
449 1016 555 1047 dedito

278 1061 414 1092 Inducto
444 1065 522 1093 nutu
547 1062 662 1093 caelico

329 1107 473 1140 Clemens
499 1109 647 1141 annuisti.

220 1174 251 1205 3.
278 1171 471 1205 Defunctum
497 1176 605 1205 natum
629 1173 722 1204 anxie

325 1219 434 1252 Mater
461 1220 649 1260 deploravit,

279 1266 316 1297 In
338 1268 496 1306 praesulis
523 1266 627 1306 effigie

327 1314 406 1345 Mox
429 1317 466 1345 ut
488 1313 693 1352 mensuravit,

281 1361 378 1392 Pater
403 1360 641 1392 misericordiae

328 1407 410 1438 Eum
436 1408 610 1450 suscitavlt,

208 1454 247 1485 V.
279 1453 468 1485 Subveniret
492 1454 640 1485 miseriae

279 1500 358 1539 Ejus
384 1499 524 1533 afflictae
549 1501 673 1539 viduae,

327 1547 446 1580 Dolens
473 1548 624 1580 exoravit.

336 1689 383 1720 In
409 1690 442 1723 3.
469 1689 527 1720 No
540 1691 661 1720 cturn
672 1697 701 1720 o.

431 1762 626 1798 Antiphonae.

226 1831 258 1862 1.
285 1829 451 1869 spondens
475 1832 531 1862 tua
553 1829 696 1860 bonitate

327 1876 403 1908 Viro
428 1877 529 1917 probo
555 1885 757 1916 canopaeum,

277 1924 346 1956 Sibi
373 1925 448 1957 dedi
471 1924 607 1956 indilate

325 1971 403 2003 Post
418 1972 592 2004 abscissum
610 1973 706 2010 eaput
719 1979 830 2003 meum.

221 2040 252 2070 2.
280 2038 402 2070 Ductus
428 2047 460 2070 es
484 2038 516 2070 in
543 2038 641 2069 altum
666 2037 783 2076 locum,

327 2086 393 2119 Ubi
416 2086 515 2118 vitam
540 2084 682 2127 finivisti,

278 2133 390 2173 Neque
417 2134 549 2174 digitum
574 2135 712 2164 amotum

325 2180 483 2220 Deperire
506 2180 692 2220 permisisti.

214 2247 245 2279 3.
271 2247 310 2278 In
338 2247 454 2279 virtute
479 2246 644 2279 exsultabo

325 2293 543 2327 Praedicando
567 2293 698 2325 verbum
722 2292 793 2329 Dei,

274 2340 436 2379 Hymnum
459 2342 564 2375 laudis
589 2343 663 2380 post
687 2340 820 2372 cantabo

324 2386 532 2423 Consolamen
559 2388 664 2421 cordis
688 2387 760 2419 mei.

1093 228 1303 264 Responsoria.

903 297 934 330 1.
959 295 1143 328 Exstinctus
1169 298 1238 326 erat
1262 294 1394 326 clericus

960 342 1072 382 Sopori
1096 342 1206 374 mortis
1232 341 1367 380 deditus,

1007 389 1147 421 Adsistit
1171 389 1283 420 chorus
1309 388 1395 428 cleri,

961 436 1132 468 Suscitavit
1156 436 1349 470 clementius,

962 483 1112 514 Crescens
1138 486 1170 513 et
1193 483 1392 514 Innocentius

1008 529 1118 561 Testes
1143 533 1216 560 sunt
1241 529 1332 567 hujus
1357 530 1421 571 rei,

892 577 928 608 V.
957 576 1140 608 Adveniens
1164 580 1199 607 ut
1223 576 1364 608 medicus

961 623 1109 661 Palpavit
1132 623 1302 656 Januarius

1007 669 1133 701 Virtute
1160 670 1271 701 summi
1296 669 1365 701 Dei.

902 737 932 767 2.
959 734 1096 774 Insignis
1122 735 1170 766 vir
1195 734 1365 774 Gregorius

961 779 1128 814 Confectus
1149 782 1216 820 jam
1242 782 1402 814 doloribus

1005 828 1158 860 Praeerat
1182 828 1350 867 Capuanae

960 874 1042 908 Urbi
1063 875 1217 915 tribunus,
1245 875 1388 907 dominus

958 921 1165 960 Sepulchrum
1190 930 1259 952 cum
1283 923 1434 954 militibus

1009 968 1140 999 Petebat
1163 977 1226 999 non
1249 969 1359 1008 inane3

889 1016 926 1046 V.
957 1014 1108 1046 Sanatum
1131 1015 1301 1048 Januarius

959 1061 1079 1092 Reddit
1103 1062 1208 1100 palam
1231 1062 1265 1092 in
1290 1062 1434 1102 gentibus

1006 1106 1221 1146 Languentem
1244 1108 1422 1140 inhumane.

903 1174 934 1204 3.
961 1172 1137 1204 Orientales
1160 1174 1271 1211 populi

962 1218 1130 1250 Currentes
1155 1223 1260 1251 mente
1282 1220 1392 1251 humili

1008 1265 1159 1304 Oppressi
1184 1270 1444 1306 praegravantur,

959 1312 1085 1344 Virtute
1110 1312 1254 1344 Januarii

959 1359 1021 1391 Suo
1052 1360 1193 1391 succurri
1218 1361 1341 1392 vulneri

1005 1405 1128 1437 Devote
1151 1407 1374 1447 precabantur,

888 1453 927 1485 V.
958 1453 1021 1485 Sed
1046 1455 1078 1483 et
1103 1462 1266 1485 caecorum
1291 1454 1411 1497 lumini,

958 1499 1174 1532 membrorum
1198 1501 1267 1532 loco
1294 1501 1391 1533 debili

1007 1547 1160 1579 Remedia
1185 1548 1350 1580 donantur.

1049 1688 1096 1721 In
1119 1688 1351 1721 Laudibus.

1107 1782 1300 1817 Antiphonae.

904 1848 935 1880 1.
960 1847 1088 1887 Martyr
1114 1848 1181 1880 Deo
1209 1848 1336 1880 deditus

959 1896 998 1927 In
1022 1894 1086 1926 fine
1110 1896 1160 1927 sui
1185 1896 1287 1927 exitus

1006 1941 1121 1974 Fidem
1146 1952 1305 1982 nunquam
1329 1944 1466 1983 negavit,

959 1989 1104 2029 Testans,
1131 1990 1215 2030 quod
1238 1990 1271 2021 in
1296 1994 1483 2030 perpetuum

961 2036 1115 2080 Christus,
1143 2039 1267 2069 creator
1292 2038 1441 2071 omnium.

1004 2083 1050 2116 Ut
1076 2084 1219 2117 dominus
1243 2086 1397 2125 regnavit.

900 2152 933 2183 2.
961 2151 1092 2183 Sanctos
1121 2151 1183 2182 sibi
1208 2152 1368 2183 consocios

959 2198 1057 2230 Velut
1079 2196 1162 2230 filios
1186 2198 1336 2238 proprios

1004 2245 1210 2284 Amplectens
1236 2245 1378 2284 caritate,

957 2292 1015 2324 Eis
1040 2292 1093 2331 pie
1117 2291 1291 2323 suadebat:

957 2339 1098 2371 Hortans
1124 2339 1219 2370 etiam
1246 2338 1397 2373 docebat:

1003 2386 1072 2418 Deo
1097 2395 1223 2426 semper
1244 2386 1390 2425 Jubilate.
