1652 2615
739 158 995 195 —247—

967 255 1025 294 Qui
1051 256 1168 286 terram
1193 254 1361 296 ponderas,

1013 305 1191 333 sanctorum
1218 302 1342 341 agmine

965 349 1014 381 Tu
1038 347 1129 380 nobis
1155 347 1298 380 conferas

1011 398 1045 427 te
1068 394 1132 427 frui
1155 404 1294 437 munere,

209 440 250 471 A.
281 439 307 472 O
334 441 455 473 caelum
487 444 650 474 continens
965 442 1055 481 Quod
1080 443 1196 475 sanctis
1220 443 1335 474 tribuis

329 497 386 520 rex
409 490 640 530 potentissime,
1012 489 1164 530 benignus
1189 490 1294 522 hodie.

284 553 370 580 Brev.
397 562 448 581 ms.
475 554 504 582 S.
524 554 662 582 Justinae
686 562 761 581 saee.
791 553 834 581 15.
875 554 944 582 eod.
968 554 1057 581 Univ.
1078 552 1179 581 Patav.
1200 552 1265 581 441.
1294 555 1327 581 A.
1353 568 1389 573 —-
1409 554 1512 589 Propr.

208 599 261 617 ms.
282 590 310 617 S.
331 591 468 619 Justinae
487 600 563 619 saec.
583 589 659 620 l*⁵l16.
700 592 769 619 Cod.
791 592 878 619 Univ.
898 592 1000 619 Patav.
1021 589 1086 618 702.
1109 593 1141 619 B.
1162 608 1200 611 —
1219 593 1304 619 BreV.
1324 600 1378 619 ms.
1399 591 1428 619 S.
1443 591 1511 618 Jus-

207 630 289 655 tInae
308 636 385 656 saec.
408 628 451 657 15.
487 630 557 657 Cod.
577 630 666 658 Univ.
688 630 790 656 Patav.
814 627 879 656 704.
901 628 931 656 O.
951 645 987 649 —
1004 630 1085 657 Brev.
1106 638 1159 656 ms.
1180 630 1209 657 S.
1224 630 1361 657 Justinae
1374 637 1450 656 saec.
1466 627 1513 656 15.

209 666 279 693 Cod.
300 667 391 694 Univ.
410 667 514 694 Patav.
537 665 619 694 1290.
640 668 677 694 D.
697 683 736 687 —
754 667 795 694 In
811 665 836 694 1.
850 667 958 702 Vesp.
980 665 1002 693 Α
1017 664 1042 699 3,
1057 664 1075 694 3
1091 667 1205 694 Meritis
1220 670 1409 694 conservator
1423 667 1456 693 B.
1471 680 1509 685 -—

206 702 229 729 Α
249 702 277 736 4,
297 702 317 730 4
341 706 392 731 tua
414 706 557 731 sauctitas
582 705 616 732 A.
647 719 682 723 —-
708 705 750 732 In
779 703 803 731 1.
826 705 924 731 Yect.
953 702 976 730 Α
999 704 1028 738 1,
1052 702 1065 730 1
1093 705 1134 731 Hi
1161 707 1231 732 sunt
1263 706 1313 741 qui
1334 714 1398 732 eum
1418 705 1451 731 B.

208 739 228 767 R
248 740 283 774 4,
304 738 322 768 3
341 741 410 769 Jarn
435 744 467 769 in
489 742 596 770 mundo
617 743 649 770 B.
677 758 715 762 —
740 742 781 770 In
800 740 827 768 2.
848 743 955 777 Vesp.
979 742 1016 769 ad
1034 742 1133 777 Magn.
1157 741 1193 777 A,
1215 742 1231 769 7
1257 744 1364 770 sanctis
1386 742 1512 769 confulis

206 780 239 807 B.
261 793 298 798 —-
320 778 418 807 Hiezu
438 780 489 807 der
510 780 645 814 Hymnus
664 781 761 807 Aurea
782 780 848 807 luce
867 780 971 807 rutilat
988 778 1083 808 (Anal.
1105 780 1200 815 XXII,
1222 778 1277 807 290
1298 781 1361 815 sq.).

353 271 398 302 In
425 272 457 304 2.
484 272 703 312 Vesper-is.

399 364 444 391 Ad
464 365 646 401 Mag-nificat.

636 873 681 903 87.
715 872 756 902 De
777 871 884 902 sancto
909 869 1089 901 Octaviano.

901 942 933 973 2.
960 941 984 972 Ο
1010 941 1162 979 populum
1187 939 1312 973 felicem

1005 990 1037 1017 te
1061 988 1197 1026 primum
1223 988 1441 1027 excipientem,

957 1034 1127 1066 Incolumis
1151 1044 1224 1066 nam
1246 1039 1278 1065 te

1000 1082 1149 1119 praesule
1173 1090 1298 1120 semper
1323 1082 1393 1113 erit.

341 942 388 974 In
416 944 445 975 1.
472 943 686 982 Vesperis.

395 1016 439 1043 Ad
460 1015 639 1052 Magnifieat.

202 1074 243 1107 A.
275 1074 300 1105 Ο
327 1083 419 1114 quam
444 1083 560 1114 magna.
581 1074 693 1114 procul

321 1122 465 1160 sequitur
498 1124 531 1152 te
553 1130 617 1161 pax
642 1120 825 1163 fugientem,

275 1168 448 1200 octaviane
471 1171 574 1208 pater.

331 1282 393 1313 Ad
418 1282 686 1314 Matutinum.

404 1357 619 1383 Invitatorium.

272 1414 478 1446 Octavianum
504 1414 599 1445 hodie

319 1460 489 1492 Dominum
507 1462 560 1500 qui
579 1460 667 1492 ducit
678 1460 711 1492 in
725 1463 823 1500 astra,

273 1508 388 1539 Venite
412 1508 590 1541 adoremus

329 1622 377 1654 In
403 1623 433 1655 1.
462 1622 693 1655 Nocturno.

410 1696 605 1732 Antiphonae.

234 1781 240 1788 .
268 1753 366 1786 Senos
391 1764 455 1786 una
479 1755 558 1786 ratis

315 1804 441 1833 sanctos
467 1802 508 1834 ad
531 1801 628 1833 litora.
651 1803 747 1834 vexit.

233 1883 240 1891 .
265 1857 316 1889 Ex
341 1857 431 1890 Afris
456 1858 589 1890 totidem

314 1904 472 1937 fulserunt
495 1906 602 1938 sidera
625 1905 727 1939 nobis„

233 1989 240 1996 .
269 1962 465 1995 Cunctantur
488 1965 694 2002 metuuntque
718 1962 779 1994 viri

312 2014 462 2051 surgente
485 2010 637 2051 procella.

395 2086 603 2122 Responsoria.

226 2170 233 2177 .
262 2145 386 2177 Venisti
409 2145 535 2185 patriae

308 2193 402 2233 longe
428 2193 468 2225 de
492 2192 608 2224 finibus
635 2191 724 2223 exsul

259 2239 441 2281 Naufragus
467 2249 505 2272 ac
528 2247 652 2281 pauper

308 2287 404 2320 litora
428 2291 537 2320 nostra
561 2291 694 2328 petens3

222 2360 228 2367 .
260 2335 350 2366 Nihil
374 2336 465 2367 timet
489 2336 543 2376 qui
568 2335 659 2366 reicit

262 2383 303 2415 Se
328 2383 360 2415 111
386 2392 465 2426 eum,
493 2384 546 2424 qui
571 2383 694 2414 salvum
718 2380 796 2413 facit

260 2432 290 2463 A
313 2433 502 2470 tempestate
526 2431 684 2471 spiritum.

885 1128 924 1162 V.

883 1522 921 1555 V.

954 1127 1026 1158 Non
1051 1136 1148 1167 arma,
1174 1137 1237 1160 non
1263 1129 1334 1167 equi
1359 1128 1478 1160 dabunt

957 1174 1165 1206 Securitatem
1189 1175 1345 1215 gentibus,

955 1221 1019 1253 Sed
1043 1225 1133 1253 recta
1159 1222 1315 1254 credentis
1339 1221 1420 1253 fides

956 1268 1094 1307 Piaeque
1115 1270 1273 1308 justorum
1297 1277 1418 1308 preces

954 1333 1027 1365 Non
1051 1335 1105 1366 tua
1129 1335 1281 1375 Diogems

1000 1384 1172 1420 paupert-as
1197 1382 1373 1424 ambitiosa,

953 1427 1134 1468 octaviane,
1160 1430 1229 1462 Deo

1000 1475 1093 1516 vivis,
1120 1479 1153 1507 at
1175 1477 1232 1507 ille
1258 1476 1329 1509 sibi.

952 1521 1050 1560 Quam
1068 1524 1182 1554 stultns
1206 1526 1255 1555 est
1280 1526 1444 1555 contentus
1467 1524 1505 1565 is,

955 1569 1014 1607 Qui
1038 1570 1134 1602 Iaude
1157 1571 1268 1603 mundi
1291 1571 1454 1610 penditur,

952 1616 1011 1647 Ait
1033 1618 1172 1650 Joannes
1197 1618 1355 1658 gentibus.

1013 1758 1060 1790 1n
1083 1759 1113 1791 2.
1141 1759 1369 1793 Nocturno.

1092 1833 1288 1869 Antiphonae.

947 1890 994 1921 Te
1018 1890 1148 1922 tandem
1169 1891 1358 1923 incolumem

995 1937 1086 1969 nobis
1110 1939 1185 1970 tulit
1209 1939 1275 1970 alta
1298 1942 1451 1978 potestaS.

948 1994 1131 2036 octaviane,
1156 1996 1267 2036 procul

994 2042 1124 2082 reliquis
1151 2044 1278 2076 deserta
1300 2044 1421 2083 petisti.

946 2098 1064 2129 Laetus
1089 2099 1122 2132 in
1147 2102 1279 2141 angusto

992 2145 1128 2180 Domino
1154 2148 1323 2181 comitante
1347 2147 1481 2180 latebas

1086 2232 1294 2268 Responsoria.

912 2316 918 2322 .
945 2289 1029 2320 Avia
1053 2290 1138 2328 quod
1162 2292 1289 2328 peteres

989 2336 1098 2368 mundi
1124 2337 1268 2368 desertor
1291 2337 1401 2377 iniqui,

945 2384 1066 2423 Jugens
1090 2387 1124 2415 te
1150 2383 1269 2416 Christi

990 2430 1176 2464 sollicitavit
1204 2441 1312 2473 am0r3
