1652 2615
745 127 998 161 -173—

679 238 723 268 57.
752 238 796 269 De
816 237 940 270 Gaudiis
959 238 1046 269 BMV.

357 302 402 333 In
430 302 461 334 1.
488 303 597 343 Vesp
608 306 701 338 eris.

403 376 496 411 Super
517 377 660 406 Psalmos.

219 433 261 464 A.
293 432 359 465 Nos
383 434 523 473 peccatis
547 437 664 468 nostris
689 438 800 469 maesti

287 479 392 523 Hujus
417 482 523 521 magni
549 482 600 514 die
623 482 696 515 festi

288 527 498 567 Imploramus
523 531 565 569 te,
590 529 707 571 Maria,

286 574 354 606 Nos
380 575 502 617 soleris,
530 577 618 616 virgo
643 578 707 618 pia.

409 648 455 676 Ad
476 649 654 686 Magnificat.

216 706 256 738 A.
288 707 367 745 Ave,
393 707 546 746 templum
570 707 709 749 Domini,

336 754 424 794 virgo
449 754 597 795 gloriosa,

287 800 470 833 Pneumatis
495 802 678 840 sacrarium,

333 846 391 879 fios
417 850 449 878 et
474 846 584 879 florum
611 858 703 891 rosa;

288 896 367 935 Ave,
393 903 467 935 spes
493 898 526 926 et
548 896 642 927 unica

334 943 419 973 salus
444 945 572 974 nostrae
596 944 675 985 spei,

288 992 367 1031 Ave,
398 991 507 1021 nostra
531 989 667 1030 domina,

333 1039 435 1068 mater
463 1036 564 1067 nostri
587 1037 667 1076 Dei;

286 1083 367 1123 Ave,
396 1083 589 1115 domicilium

335 1131 472 1162 omnium
503 1131 666 1169 virtutum,

286 1178 365 1220 Ave,
393 1180 504 1209 contra
524 1177 633 1216 J'acuia

332 1225 433 1257 hostis
458 1226 601 1255 nostrum
626 1226 767 1267 scutum3

284 1272 337 1303 Ad
363 1274 395 1303 te
420 1271 527 1303 tristes
553 1271 688 1310 orphani

336 1320 476 1357 currunt,
503 1327 580 1357 quos
606 1318 729 1358 soleris,

287 1365 381 1397 Dona
405 1366 507 1397 sancti
534 1365 665 1404 spiritus

332 1413 423 1444 nobis
451 1412 642 1451 depreceris,

351 1525 412 1557 Ad
437 1524 707 1557 Matutinum.

421 1599 635 1628 Invitatorium.

283 1658 462 1689 Adoremus
487 1657 655 1688 Dominum

332 1704 447 1737 Matris
474 1704 507 1735 in
532 1705 658 1746 honore,

284 1752 344 1790 Qui
371 1752 427 1783 dat
450 1754 594 1782 sanctum
619 1751 766 1791 spiritum

334 1799 398 1831 Pro
424 1798 631 1832 consolatore.

342 1914 389 1946 ln
416 1912 447 1946 1.
473 1911 703 1946 Nocturno.

424 1987 620 2023 Antiphonae.

226 2048 256 2080 1.
285 2047 349 2079 Fili
373 2046 475 2087 patris
501 2046 562 2078 Dei

328 2094 398 2126 Nec
421 2102 482 2126 non
508 2095 619 2126 matris
643 2095 789 2136 mundae,

280 2142 326 2174 Ut
350 2143 509 2175 salvemur
533 2142 590 2182 rei,

328 2189 479 2222 Sanctum
502 2187 617 2221 flamen
643 2188 753 2222 funde.

224 2247 257 2279 2.
283 2245 399 2278 Servos
422 2246 534 2278 matris
558 2249 634 2278 tuae

328 2293 402 2325 Tibi
427 2302 511 2325 nunc
535 2294 666 2326 devotos

282 2339 385 2372 Causa
410 2341 515 2381 precis
541 2350 616 2373 suae

329 2388 396 2421 Fac
419 2389 559 2429 peccatis
585 2389 676 2421 lotos.

909 309 939 341 3.
965 309 1036 341 Hac
1060 306 1232 338 festivitate

1013 355 1093 386 Eam
1117 356 1304 385 venerantes

966 403 1003 434 In
1028 401 1214 433 aeternitate

1012 448 1116 480 Effice
1140 448 1304 480 laetantes

1096 522 1301 557 Responsoria.

933 606 938 611 .
964 579 1067 619 Stirps
1093 579 1184 611 Jesse
1209 579 1329 618 virgam

1012 626 1162 666 produxit
1188 626 1337 665 virgaque
1360 623 1479 664 florem,

965 673 1009 704 Et
1037 681 1134 713 super
1158 673 1240 704 hunc
1263 670 1373 703 florem

1012 719 1182 760 requiescit
1205 719 1335 758 spiritus
1359 720 1477 760 almus3

926 791 933 798 .
964 768 1060 808 Virgo
1084 766 1147 798 Dei
1171 766 1314 806 genetrix

1012 814 1101 854 virga
1126 815 1182 853 est,
1207 811 1265 844 flos
1289 811 1372 844 filius
1399 813 1476 852 eJ'uS.

933 898 939 903 .
967 871 1065 909 Virga
1088 874 1174 901 tuum
1199 868 1319 911 florem,

1015 918 1093 949 caeli
1119 916 1224 954 decus,
1251 916 1336 947 orbis
1353 916 1514 956 honorem,

968 965 1065 1003 Quem
1091 966 1200 994 contra
1224 971 1341 995 morem

1012 1011 1099 1050 paris
1123 1010 1312 1041 intemerata
1335 1010 1499 1052 pudorem,

967 1059 1005 1089 In
1030 1057 1121 1089 nobis
1146 1057 1234 1088 nasci

1013 1103 1074 1143 fac,
1092 1112 1149 1135 nos
1167 1112 1224 1144 per
1236 1112 1368 1143 eumque
1378 1104 1512 1144 renasci,

927 1176 932 1181 .
967 1151 1004 1182 Vi
1029 1150 1201 1190 superioris

1013 1197 1112 1229 divini
1136 1205 1263 1236 germen
1286 1198 1412 1231 amoris,

928 1281 935 1287 .
967 1254 991 1286 O
1018 1254 1195 1286 rubicunda
1220 1262 1306 1293 rosa,

1012 1302 1098 1333 nullo
1123 1301 1201 1332 vitio
1224 1301 1395 1341 maculosa,

966 1347 1073 1380 Mater
1097 1347 1233 1390 virtutis,

1014 1394 1137 1426 auctrix
1162 1397 1196 1425 tu
1221 1395 1289 1426 sola
1313 1395 1433 1437 salutis,

927 1467 934 1474 .
963 1443 1010 1475 Ut
1032 1445 1065 1473 te
1091 1441 1232 1473 ductrice

1014 1490 1173 1529 capiamus
1200 1488 1315 1528 gaudia
1338 1488 1432 1521 vitae.

1022 1584 1070 1615 In
1096 1584 1127 1614 2.
1153 1583 1384 1615 Nocturno.

1117 1657 1311 1693 Antiphonae.

932 1740 939 1746 .
966 1714 1115 1747 Sanctum
1139 1723 1275 1754 pneuma
1300 1724 1495 1760 veneramur,

968 1761 1062 1801 Cujus
1089 1762 1200 1794 celiam
1225 1765 1257 1794 te
1280 1763 1445 1802 laetamur,

963 1808 1126 1842 Consolari
1150 1809 1211 1841 hoc
1234 1819 1410 1850 precamur.

932 1891 939 1898 .
965 1865 1042 1898 Jesu
1066 1868 1177 1905 mater,
1203 1867 1277 1898 labe
1301 1877 1391 1910 pura,

966 1913 1081 1946 Sancto
1106 1923 1179 1945 rore
1203 1923 1260 1946 nos
1285 1924 1430 1955 procura,

966 1961 1016 1993 Ne
1043 1962 1227 1994 damnemur
1251 1962 1284 1993 in
1309 1965 1444 1997 tortura.

931 2045 938 2051 .
964 2019 1011 2052 Ut
1035 2020 1076 2050 sit
1100 2018 1192 2050 nobis
1217 2019 1426 2060 gloriandum,

965 2066 1082 2099 Natum
1106 2068 1193 2098 tuum
1219 2068 1432 2099 venerandum

964 2113 1110 2146 Monstra
1126 2114 1217 2146 nobis
1233 2114 1275 2146 ad
1293 2115 1511 2155 spectandum.

1098 2190 1306 2225 Responsoria.

932 2275 937 2281 .
963 2248 1103 2288 Fuigida
1124 2247 1219 2278 steila
1234 2248 1343 2287 maris,

1011 2304 1103 2335 quam
1128 2295 1228 2326 multa
1251 2295 1347 2327 laude
1370 2294 1491 2326 bearis!

962 2342 1007 2374 Es
1033 2339 1155 2374 meritis
1180 2342 1288 2381 plena,

1013 2390 1087 2430 quia
1111 2392 1223 2430 mater,
1248 2389 1338 2430 virgo
1364 2398 1486 2433 serena,
