1652 2615
190 398 224 429 V.

724 128 957 160 ⁴-.57-„

259 214 311 245 Ex
335 215 434 248 Jacob
465 218 558 250 stella
581 221 721 252 nascitur

308 262 568 296 Praemonstrata
592 267 752 308 divinitus,

259 307 365 338 Maria
388 310 479 341 nobis
504 312 615 349 oritur,

310 353 421 386 Annae
445 358 603 395 promissa
629 361 778 402 coelitus;

258 399 424 433 Perclulcis
451 406 483 434 et
508 405 662 437 mirabilis

259 447 393 479 Sanctus
420 453 452 481 et
477 453 666 483 venerabilis

306 494 356 526 Ex
381 500 476 534 partu
501 500 650 532 cernitur.

430 567 524 594 Prosa
545 565 569 594 1.

219 641 227 648 .
254 617 340 648 Rosa
366 619 459 658 veris,
485 620 654 658 paradisus

253 663 298 695 Et
323 664 463 696 Libanus
488 675 552 697 non
577 667 710 704 excisus,

301 710 368 749 Quo
393 710 516 752 fragrat
541 714 684 753 ecclesia,

252 758 314 789 Est
335 758 450 802 Maria,
477 768 566 791 mons
592 762 766 803 praevisus,

253 804 303 836 De
328 814 388 844 quo
413 805 496 846 lapis
521 810 568 838 est
594 807 745 850 abscisus,

298 852 358 890 Qui
383 851 479 894 fregit
503 855 672 893 sculptilia.

215 933 223 940 .
250 908 368 940 Sancta
398 910 486 950 virgo
510 911 631 952 purior,

251 955 354 995 Super
378 964 486 988 omnes
513 958 626 989 celsior

297 1003 432 1035 Ordines
459 1004 650 1044 coelestium,

248 1049 345 1090 Virgo
372 1051 468 1083 verbo
494 1052 640 1095 concipit,

247 1096 400 1128 Nascitur
424 1101 456 1129 et
479 1099 596 1138 accipit

294 1144 467 1176 Aeternale
491 1146 675 1184 praemium.

247 1200 272 1232 O
297 1200 413 1238 Maria,
441 1199 511 1232 fons
536 1201 708 1236 hortorum,

244 1247 451 1278 Alabastrum
474 1251 716 1287 unguentorum,

292 1293 390 1333 Lava,
416 1304 494 1326 sana
519 1295 649 1326 vulnera

243 1341 312 1372 Tua
336 1349 432 1380 prece
456 1344 668 1384 peccatorum,

243 1389 290 1421 Ut
314 1391 346 1419 te
372 1388 452 1420 duce
476 1398 533 1420 rex
559 1389 717 1420 coelorum

292 1435 358 1467 Nos
385 1436 482 1468 ducat
506 1436 547 1468 ad
573 1436 711 1467 aethera.

417 1507 511 1534 Prosa
529 1504 556 1533 2.

209 1585 216 1591 .
243 1559 344 1591 Stella
367 1561 447 1592 coeli
470 1560 635 1600 matutina,

239 1605 294 1638 Sol
318 1605 531 1648 praefulgens,
557 1608 612 1638 lux
639 1607 754 1650 divina,

287 1653 391 1694 Salve,
421 1664 544 1695 gemma
568 1654 697 1694 gloriae,

241 1700 361 1741 Culpae
384 1705 514 1734 nostrae
536 1702 706 1742 medicina,

236 1748 323 1779 Rosa
347 1747 493 1788 fragrans
519 1749 588 1780 sine
611 1749 713 1788 spina,

287 1795 374 1827 Fons
402 1795 650 1827 misericordiae.

239 1852 408 1884 Advocata
431 1855 646 1892 peccatorum,

239 1899 439 1932 Consolatrix
463 1900 659 1942 miserorum,

286 1947 431 1979 Solamen
457 1948 617 1990 debilium,

236 1994 286 2026 Tu
310 1995 455 2034 praelata
484 1995 676 2035 angelorum,

239 2041 342 2081 Salus,
369 2051 442 2086 pax,
470 2043 536 2074 vita
556 2043 724 2084 Justorum,

282 2089 330 2121 Tu
355 2090 487 2129 pudoris
511 2090 623 2121 lilium.

235 2145 344 2177 Mater
365 2147 467 2178 nostri
493 2146 717 2185 redemptoris,

237 2193 328 2225 Omni
355 2202 465 2225 carens
490 2201 550 2225 vae
576 2192 704 2233 doloris,

284 2240 394 2273 Firma
418 2249 491 2280 spes
517 2239 669 2280 fidelium,

234 2286 300 2318 Nos
324 2290 415 2318 tuere
439 2288 558 2319 cunctis
584 2286 682 2324 horis,

235 2333 302 2364 Nos
329 2334 482 2375 conjunge
509 2334 588 2365 coeli
614 2333 718 2364 cho1is

282 2380 361 2412 Post
382 2390 534 2420 praesens
559 2380 715 2412 exsilium.

1045 221 1073 253 D
1085 221 1097 253 i
1107 231 1124 254 e
1147 222 1184 254 M
1193 232 1212 254 a
1219 232 1236 254 r
1244 220 1276 253 ti
1287 230 1312 254 s,

1061 296 1107 324 Ad
1125 295 1303 333 Mag-nificat.

867 355 908 386 A.
938 353 999 385 Dei
1023 357 1122 386 mater
1145 353 1291 393 efficeris,

986 401 1081 440 Virgo
1105 401 1219 441 Maria,
1245 401 1385 443 coelitus,

940 447 988 478 Tu
1013 456 1093 487 quae
1118 449 1211 479 beata
1237 448 1362 487 diceris,

986 494 1052 526 Fac
1076 497 1146 527 tuos
1172 504 1247 526 vasa
1271 494 1411 534 spiritus.

868 549 906 581 R.
937 550 1050 589 Maria,
1074 551 1139 589 J'am
1166 560 1227 582 uon
1254 551 1365 581 timeas

943 596 1100 629 Gabrielis
1125 598 1295 637 oraculum,

982 643 1041 682 Qui
1064 645 1240 682 parituram
1264 644 1388 675 nuntiat

933 690 989 729 Te,
1016 691 1073 721 sed
1098 700 1259 722 assensum
1282 690 1436 730 praebeas

934 736 979 767 Et
1002 737 1048 767 sic
1071 738 1209 768 salvabis
1234 738 1404 776 saeculum,

982 782 1069 821 Quod
1096 793 1154 823 per
1177 784 1279 815 Evam
1302 785 1459 825 perierat3

894 854 902 862 .
932 829 1004 861 Non
1030 838 1068 860 ex
1093 831 1153 861 viri
1179 831 1332 870 contagio,

932 876 995 908 Sed
1020 877 1152 915 spiritus
1175 876 1334 917 suffragio,

978 923 1092 958 Maria,
1118 924 1347 964 gravidaberiS.

1104 998 1198 1025 Prosa
1219 996 1243 1024 1.

896 1075 903 1082 .
928 1049 1049 1089 Gaude,
1076 1052 1164 1090 virgo
1193 1054 1295 1082 mater
1321 1050 1449 1092 Christi,

929 1095 1014 1133 Quae
1038 1105 1097 1135 per
1121 1106 1229 1128 aurem
1255 1099 1428 1137 concepisti

977 1142 1128 1174 Gabriele
1152 1144 1272 1180 nuntio,

928 1188 1050 1228 Gaude,
1078 1190 1152 1229 quia
1178 1190 1245 1221 Deo
1269 1191 1374 1230 plena,

927 1235 1084 1275 Peperisti
1113 1237 1181 1268 sine
1205 1245 1307 1276 poena

973 1282 1050 1314 Cum
1075 1284 1207 1322 pudoris
1229 1284 1306 1316 lilio.

867 1341 898 1372 2.
926 1338 1048 1378 Gaude,
1075 1341 1147 1380 quia
1169 1340 1216 1371 tui
1240 1340 1318 1380 nati,

922 1387 1021 1426 Quem
1047 1386 1176 1419 dolebas
1201 1390 1333 1418 mortem
1359 1388 1436 1428 pati,

971 1434 1088 1473 Fulget
1111 1435 1312 1476 resurrectio,

925 1480 1047 1520 Gaude,
1079 1481 1203 1514 Christo
1229 1482 1430 1525 ascendente,

923 1528 967 1560 Et
995 1528 1028 1559 in
1053 1529 1173 1560 coelum
1199 1532 1230 1560 te
1255 1529 1384 1560 vidente

970 1575 1061 1607 Motu
1084 1575 1187 1607 fertur
1211 1577 1352 1616 proprio.

889 1659 896 1665 .
924 1631 1045 1669 Gaude,
1061 1633 1145 1671 quod
1154 1635 1227 1672 post
1235 1633 1339 1672 ipsum
1348 1634 1466 1666 scandis

921 1678 967 1710 Et
990 1681 1038 1709 est
1060 1679 1159 1711 honor
1183 1679 1242 1710 tibi
1267 1680 1397 1720 grandis

968 1725 1007 1757 In
1032 1727 1113 1757 coeli
1136 1726 1266 1766 palatio,

923 1772 987 1805 Ubi
1013 1771 1135 1805 fructus
1160 1773 1281 1804 ventris
1307 1773 1353 1804 tui

923 1820 985 1851 Per
1010 1823 1042 1850 te
1067 1819 1160 1851 detur
1183 1820 1274 1851 nobis
1299 1819 1361 1851 frui

969 1867 1005 1899 In
1030 1867 1163 1906 perenni
1187 1868 1312 1907 gaudio.

1091 1943 1186 1970 Prosa
1208 1940 1234 1968 2.

885 2022 893 2030 .
920 1995 1016 2035 Virgo
1041 1994 1129 2038 felix,
1154 1996 1244 2035 virgo
1268 1996 1396 2037 munda,

920 2042 1017 2082 Virgo
1043 2046 1130 2075 casta
1154 2046 1186 2074 et
1210 2042 1355 2083 fecunda,

966 2089 1067 2129 Virgo
1089 2099 1199 2123 carens
1225 2091 1331 2129 simili,

923 2137 1017 2176 Virgo
1044 2137 1138 2178 digne
1162 2138 1376 2175 laudabunda,

920 2183 986 2215 Nos
1010 2184 1137 2216 illaesos
1163 2183 1215 2215 fac
1238 2185 1296 2216 sub
1321 2185 1408 2215 unda

966 2231 1165 2263 Pertransire
1189 2232 1317 2264 saeculi.

884 2313 890 2319 .
914 2287 1012 2327 Virgo
1040 2287 1195 2328 virginum
1221 2287 1372 2326 praelata,

917 2334 964 2365 Te
991 2337 1170 2366 sanctorum
1195 2343 1257 2365 vox
1281 2333 1375 2365 beata

965 2381 1092 2413 Laudat
1114 2382 1148 2413 in
1173 2381 1371 2423 coelestibus,
