1652 2615
350 226 393 255 Ad
411 226 546 254 Tertiam.

214 296 344 329 Clausus
369 296 437 325 arto
462 300 588 325 carcere

259 341 355 380 Fugit
376 340 415 371 ab
441 339 606 379 ergastulo,

217 388 323 420 Sancti
347 385 406 418 Dei
430 393 559 417 munere

258 433 354 465 Liber
378 441 397 463 a
420 431 570 471 pericula

354 523 399 551 Ad
419 523 544 551 Sexssam.

212 590 388 630 Religatum
412 590 444 620 in
471 590 588 621 catenis

259 636 335 668 Visu
360 639 484 667 sanctus
510 635 634 675 eripuit,

212 683 362 716 Liberum
387 692 405 713 a
431 682 507 713 diris
529 682 639 721 poenis

259 729 329 761 Suis
355 738 423 761 eum
448 729 595 760 restituit„

354 820 399 848 Ad
419 822 541 849 Nonam.

212 888 306 927 Quasi
330 888 429 919 omnis
454 888 574 927 gratiae

260 934 350 965 Dono
373 934 534 966 invocatus

214 981 344 1013 Cuidam
369 980 541 1012 custodiam

261 1027 394 1059 Reserat
417 1027 536 1060 beatus

280 1157 325 1188 In
351 1159 382 1189 2.
408 1156 624 1195 vesperis.

359 1238 550 1273 Antiphcnae.

164 1306 194 1337 1.
222 1305 328 1336 Sancti
348 1305 505 1338 mirabilia

223 1351 373 1383 Oanamus
397 1351 591 1393 multiplicia,

655 128 817 162 -222
864 146 911 151 —

882 219 1043 252 Privatum
1069 218 1187 250 cunctis
1212 216 1354 249 sensibus

883 265 953 298 Suis
978 265 1086 297 reddit
1110 264 1238 297 visibus.

883 321 1022 353 Visitans
1048 320 1148 351 sancti
1172 319 1283 350 limina

885 368 1053 400 Contracta
1077 374 1171 398 manu
1195 364 1312 396 femina

884 414 961 446 Cum
984 413 1128 444 sanitatis
1152 411 1254 450 gratia

882 460 983 492 Laeta
1006 458 1091 490 redit
1115 457 1157 490 ad
1181 455 1322 498 propria.

884 517 1036 549 vexatam
1062 523 1080 545 a
1106 512 1268 546 daemonio

883 562 1051 595 Mulierem
1081 559 1244 602 septennio

884 610 994 642 Latam
1020 608 1052 639 in
1079 607 1215 640 oratorio

885 657 946 689 Suo
971 656 1059 686 curat
1083 653 1240 693 suffragio.

883 712 1042 750 Leprosus
1068 710 1116 741 sui
1140 709 1274 740 similem

883 759 981 791 Cerae
1004 756 1109 788 ferens
1133 756 1301 796 imaginem

885 806 1017 838 Curatus
1046 804 1113 843 agit
1133 803 1251 843 gratias

884 851 998 883 Sancto
1025 849 1166 889 Galgano
1190 848 1312 880 nimiaS.

1004 922 1050 950 Ad
1068 921 1244 958 Magnificat.

884 979 1068 1020 Magnificat,
1091 980 1251 1011 miraculis

888 1027 1060 1066 Gralganum
1088 1034 1192 1057 coram
1218 1024 1315 1056 oculis

932 1072 1084 1104 Dominus
1107 1072 1307 1109 cernentium,

887 1119 1007 1158 Capitis
1031 1127 1160 1150 servans
1186 1119 1331 1150 decorem

888 1165 1079 1197 Devotorum
1105 1166 1147 1197 ad
1167 1165 1316 1196 honorem

935 1212 1002 1243 Sibi
1026 1210 1253 1251 famulantium,

887 1259 949 1290 Per
974 1259 1077 1297 ipsum
1101 1257 1320 1298 languentibus

886 1305 1012 1337 Cunctis
1037 1313 1071 1335 se
1095 1305 1274 1344 petentibus

934 1351 1021 1382 Dans
1051 1352 1161 1383 salutis
1183 1351 1340 1391 gaudium.

223 1417 305 1443 Brev.
326 1424 377 1442 ms.
400 1414 589 1443 cisterciense
611 1423 685 1442 saec.
708 1413 751 1441 14.
792 1415 859 1442 Cod.
881 1415 1052 1443 Casauaten.
1072 1416 1096 1442 A
1117 1415 1159 1443 IV
1181 1413 1214 1443 16
1233 1413 1316 1449 (123).
1339 1429 1372 1434 --
1394 1415 1435 1442 In

148 1451 175 1480 2.
201 1454 300 1480 ΝΟΜ).
322 1451 342 1478 Β
367 1451 399 1486 4,
428 1451 442 1479 1
467 1454 557 1480 latere
581 1453 709 1487 cupiens.
739 1468 751 1471 -
791 1453 828 1480 In
853 1450 880 1478 2.
898 1453 977 1487 Vesp
1013 1452 1049 1480 ad
1066 1453 1165 1488 Magn.
1190 1451 1227 1486 Α,
1254 1451 1270 1478 ’ἶ
1295 1453 1435 1489 languen—

149 1491 229 1517 tium.
250 1505 287 1509 ——
306 1490 362 1517 Die
386 1498 448 1517 Vler
467 1489 661 1524 zugehtirigen
681 1489 816 1524 Hymnen
834 1489 919 1516 Anal.
939 1490 1034 1524 XXII,
1058 1488 1110 1517 109
1131 1499 1172 1525 sq.

571 1607 615 1638 76.
645 1607 688 1638 De
709 1608 814 1638 sancto
837 1606 1019 1639 Geniiniano.

288 1686 333 1717 In
361 1687 389 1719 1.
416 1686 628 1725 vesperis,

358 1760 549 1795 Antiphonae.

165 1816 193 1847 1.
222 1815 341 1857 Gaude,
367 1815 444 1848 felix
468 1817 571 1856 Italia,

267 1862 383 1895 Christi
405 1864 494 1895 novis
521 1864 666 1903 oraculis,

221 1909 318 1941 Sacra
342 1909 463 1949 fulgent
487 1910 638 1942 solemnia

267 1955 442 1987 Geminiani
465 1957 630 1996 praesulis

219 2021 269 2053 Ex
294 2021 466 2052 Mutinensi
490 2023 606 2060 gremio

267 2068 376 2099 Carnis
404 2066 515 2099 foedus
539 2068 622 2099 hunc
645 2069 762 2110 genuit,

220 2114 315 2154 Cujus
338 2114 424 2145 vitae
442 2112 595 2153 perfectio

263 2160 480 2194 Praesulatum
504 2161 686 2199 promeruit,

219 2226 420 2258 Praecinetus
447 2226 637 2258 continentia

264 2272 393 2305 Lumbis
418 2273 532 2305 mansit
552 2274 585 2305 in
609 2274 743 2313 saeculo,

217 2321 373 2360 Exempla
396 2320 554 2352 radiantia

267 2366 383 2400 Salutis
407 2368 562 2407 praebens
586 2368 712 2409 populo.

832 1687 864 1718 4.
890 1685 958 1719 Sibi
987 1687 1107 1718 talenta
1132 1687 1253 1719 credita

934 1733 1103 1772 Duplioata
1126 1734 1264 1765 restituit

887 1780 930 1812 Et
954 1780 1077 1812 ratione
1099 1781 1204 1819 posita

936 1826 1094 1859 Scandere
1120 1827 1236 1859 caelum
1263 1828 1388 1860 meruit.

832 1885 863 1915 5.
888 1883 1002 1922 Hujus,
1027 1892 1044 1914 ο
1069 1883 1206 1923 Christe,
1231 1882 1379 1922 precibus

935 1928 1001 1960 Nos
1027 1929 1088 1961 duc
1111 1930 1152 1962 ad
1177 1930 1262 1962 vitae
1283 1929 1411 1972 lumina,

889 1976 986 2015 Quem
1011 1976 1070 2008 hac
1093 1976 1164 2008 luce
1190 1976 1375 2016 degentibus

937 2022 1023 2054 Caeli
1048 2027 1249 2063 sumpserunt
1272 2024 1406 2063 agmina.

1004 2086 1050 2114 Ad
1069 2087 1247 2123 Mag-nificat.

819 2135 858 2168 A.
890 2135 914 2167 O
940 2143 1062 2174 gemma
1085 2133 1208 2175 fulgens
1232 2137 1423 2178 praesulum,

934 2180 1021 2213 Fons
1045 2181 1134 2214 vivus
1157 2184 1344 2226 sanctitatis,

886 2227 1080 2268 Geminianc,
1106 2230 1267 2268 speculum

936 2274 1070 2309 Divinae
1095 2276 1245 2317 caritatis,

892 2322 961 2354 Duc
983 2324 1015 2354 te
1040 2322 1192 2354 colentem
1217 2325 1366 2365 populum

939 2368 992 2401 Ad
1017 2378 1145 2409 regnum
1172 2371 1335 2407 claritatis
