1652 2615
704 145 960 182 2123-

253 238 320 271 Fae
342 250 409 281 nos,
436 238 535 285 virgo,
561 250 636 274 suae
660 244 770 276 mortis

253 286 297 318 Et
325 288 370 318 tui
399 289 517 320 doloris
542 288 635 321 fortis

299 333 439 366 Fervere
463 336 624 369 memoria.

372 408 417 435 Ad
437 408 615 446 Magnifieat.

215 488 220 495 .
252 465 338 506 Jesu,
365 469 439 497 nate
465 467 504 498 de
529 467 650 506 virgine

253 512 328 545 Sine
354 513 438 544 virili
462 514 589 551 semine,

254 558 312 597 Qui
336 562 468 590 mortem
495 560 596 591 0111015
622 562 752 601 pateris,

252 604 408 637 Suffossus
434 607 535 646 plagis
560 607 681 645 asperis

250 654 370 683 Amore
393 653 503 684 matris
528 653 649 695 anxiae,

251 698 389 730 Nostrae
413 708 526 738 parcas
550 699 706 740 miseriae,

251 747 301 777 Ac
325 746 392 784 ejus
416 745 510 778 fletus
535 746 627 785 eopia

251 792 318 824 Nos
345 793 440 825 ducat
461 794 503 826 ad
529 793 686 826 caelestia.

280 906 339 937 Ad
367 906 706 946 Completorium.

363 979 457 1015 Super
479 981 621 1008 Psalmos.

214 1062 221 1068 .
254 1036 348 1068 Clara
376 1036 455 1068 fides
481 1037 634 1069 ecclesiae

299 1083 438 1122 Repulso
464 1085 547 1115 omni
573 1092 681 1115 errore

250 1130 325 1162 Sola
352 1129 414 1161 fuit
436 1131 469 1162 in
495 1131 617 1170 virgine

298 1176 428 1216 Sepulto
454 1177 571 1209 Christi
596 1185 736 1216 corpore.

338 1250 383 1277 Ad
403 1251 488 1278 Nune
507 1251 639 1278 dimittis.

177 1311 217 1342 A.
247 1308 354 1340 Morte
380 1307 499 1340 Christi
525 1311 738 1340 consummata

246 1355 351 1386 Mater
378 1354 443 1387 fide
466 1354 617 1386 roborata

293 1401 453 1433 Redditur
476 1401 681 1441 aequanimis,

250 1449 367 1481 Natum
393 1449 495 1480 sciens
520 1452 733 1480 surrecturum

249 1496 294 1528 Et
318 1504 387 1527 011111
412 1499 504 1536 patre
528 1494 696 1527 fruiturum

297 1542 431 1575 Sedibus
457 1542 637 1583 potissimis.

317 1657 378 1688 Ad
403 1658 664 1689 Matutinum.

386 1730 599 1758 Invitatorium.

252 1788 329 1820 Cum
354 1787 458 1819 Maria
485 1788 614 1829 virgine,

298 1835 421 1878 Venite,
449 1836 608 1875 ploremus

250 1882 300 1913 Ae
324 1882 356 1913 in
383 1891 476 1914 cruce
499 1882 636 1922 positum

297 1928 405 1961 Jesum
430 1931 609 1963 adoremus

309 2035 354 2066 In
383 2035 413 2068 1.
440 2035 667 2067 Nocturno.

393 2110 587 2147 Anfiphonae.

213 2193 220 2200 .
247 2168 379 2207 Quando
406 2168 549 2201 Christus
576 2168 770 2209 vulneratur,

248 2215 367 2247 Palmis
397 2214 502 2248 foedis
527 2215 717 2255 flagellatur,

296 2262 432 2294 Strictus
457 2262 565 2304 flagris
589 2263 745 2304 plurimis,

248 2309 345 2349 Virgo
371 2311 467 2342 corde
489 2310 649 2348 lacessita,

248 2356 345 2395 Quasi
370 2355 453 2389 foret
477 2359 545 2390 sine
568 2358 645 2396 vita,

298 2404 426 2436 Corruit
450 2405 612 2438 exanimis.

875 244 905 276 2.
931 243 1034 275 Extra
1058 243 1162 274 castra
1187 238 1297 272 ductus
1321 240 1423 277 JeSUS,

934 290 1073 327 Vinctus,
1092 291 1212 327 sputus,
1232 286 1343 327 pugnis
1358 293 1478 326 caesus,

979 337 1111 369 Crucem
1135 332 1199 365 fert
1219 334 1251 364 in
1275 331 1444 372 publicum,

930 383 1036 415 Mater
1060 390 1191 421 sequens
1213 389 1327 421 agnum
1351 378 1468 417 mitem,

930 430 1183 469 Repraesentaus
1209 427 1411 465 Sunamitem,

978 476 1095 508 Natum
1121 473 1216 506 defiet
1240 474 1375 505 unicum.

897 558 903 565 .
933 531 1061 564 Calvum
1086 531 1192 562 rident
1215 529 1385 567 Elisaeum,

931 580 1039 611 Jesum
1065 577 1181 610 nudum
1208 585 1314 608 verum
1339 575 1442 608 Deum

978 624 1161 657 Illudebant
1185 623 1308 662 aemuli,

931 671 1013 703 Dum
1039 673 1085 703 510
1108 673 1214 701 natum
1240 670 1456 710 dehonestant,

931 718 1104 750 Dolorosae
1129 717 1367 748 commolestant

976 765 1092 797 Matris
1118 766 1251 794 mentem
1279 762 1408 796 stimuli,

1065 838 1269 873 Responsoria.

897 920 903 926 .
929 896 1100 936 Tamquam
1123 895 1205 926 latro
1233 894 1355 933 eapitur

974 943 1061 975 Deus
1086 942 1177 974 homo
1204 941 1357 980 Christus,

931 989 1088 1033 Caeditur,
1117 988 1309 1027 conspuitur,

973 1037 1085 1076 Alapis
1110 1033 1256 1072 afflictus,

929 1082 1011 1114 Fere
1034 1084 1135 1115 mater
1159 1082 1303 1120 moritur,

977 1129 1156 1162 Obaudiens
1180 1129 1270 1166 ictus,

889 1202 895 1208 .
925 1175 1008 1208 Dum
1038 1176 1123 1207 011101
1148 1173 1287 1214 affigitur

925 1222 969 1254 Et
993 1223 1090 1255 clavis
1116 1220 1304 1260 confoditur,

973 1269 1112 1310 Virginis
1138 1268 1272 1308 genitus.

894 1351 901 1358 .
927 1327 1059 1358 Aeterni
1087 1325 1188 1366 patris
1211 1323 1295 1355 filius

976 1372 1081 1413 Spinis
1106 1371 1203 1412 pungi
1228 1370 1395 1408 tolerabat,

926 1420 970 1451 Et
995 1421 1061 1459 eJus
1086 1419 1196 1450 matris
1221 1417 1342 1449 animus

975 1467 1071 1498 Flere
1094 1474 1201 1497 amare
1224 1464 1359 1503 amabat,

930 1513 1141 1546 Gladiabatur
1166 1521 1219 1543 cor
1244 1512 1322 1551 ejus,

976 1561 1057 1600 Quia
1080 1568 1186 1593 amare
1211 1559 1348 1598 dolebat,

889 1633 895 1639 .
928 1607 1075 1640 Cruciata
1099 1606 1297 1648 singultibus,

930 1656 1079 1695 Fatigata
1102 1654 1279 1694 ploratibus

976 1702 1115 1734 Pedibus
1141 1703 1226 1732 stare
1250 1699 1410 1739 nequibat.

895 1783 902 1790 .
929 1759 1072 1791 Christus
1098 1766 1192 1789 carne
1218 1756 1402 1788 tenerrimus

976 1806 1087 1837 Nudus
1112 1803 1252 1844 affigitur
1278 1804 1364 1835 011101

928 1852 973 1884 Et
996 1862 1031 1884 se
1057 1852 1138 1884 dixit
1161 1851 1347 1883 derelictus:

978 1901 1061 1941 Heli,
1086 1901 1170 1931 lama
1194 1897 1379 1930 sabacthani
1387 1898 1403 1927 ⁶:

929 1948 1064 1990 Magnus
1091 1947 1181 1979 dolor
1204 1946 1315 1977 matris
1341 1944 1407 1984 ejus

975 1995 1078 2028 Extra
1102 2003 1164 2025 non
1186 1996 1291 2033 potest
1315 1991 1441 2024 effundi.

890 2070 896 2075 .
927 2043 1016 2075 Inter
1037 2043 1177 2074 latrones
1202 2041 1323 2081 positus

928 2091 1033 2130 Atque
1058 2091 1147 2122 aceto
1172 2092 1297 2128 potatus

976 2138 1115 2170 Moritur
1137 2134 1222 2167 filius
1247 2135 1318 2168 Dei.

986 2224 1034 2255 In
1063 2225 1094 2256 2.
1120 2221 1348 2255 Nocturno.

1070 2297 1265 2333 Antiphonae.

894 2382 902 2389 .
928 2358 1004 2397 Quis
1029 2356 1140 2389 matris
1164 2354 1351 2393 martyrium

975 2405 1088 2437 Posset
1110 2403 1217 2443 lingua
1241 2400 1313 2441 fari,
