1652 2615
285 233 332 264 In
357 231 388 263 1.
414 229 642 262 Nocturno.

369 321 561 356 Antiphonae.

196 418 202 424 .
229 393 316 425 Caeli
343 391 423 423 dono
447 390 613 421 decoratur

276 438 426 477 Caloyrus
451 436 490 466 ab
515 432 659 472 infantia,

228 486 288 518 Die
312 493 350 516 ac
369 486 462 514 nocte
484 480 654 513 meditatur

273 532 310 563 In
334 530 410 562 fidei
433 528 554 560 notitia.

170 627 200 649 ·.
227 615 399 653 Praecepta
421 612 482 644 Dei
505 609 693 651 praedicans

275 661 336 692 Hic
358 660 471 690 missus
495 655 695 696 apostolicus,

227 706 390 739 Mil-aculis
416 712 593 738 coruscans,

275 753 452 792 Egenorum
475 750 623 781 medicus.

174 869 204 880 ..
231 847 314 878 Voce
340 844 475 876 clamans
501 841 676 881 conjuravit

277 892 333 923 Vir
357 900 452 923 senex
476 890 628 929 egregius,

231 940 444 971 Adversantes
470 936 616 976 effugavit

276 985 367 1024 Ipsos
389 984 516 1023 ligando
540 980 664 1013 fortine.

366 1066 570 1101 Responsoria.

200 1161 207 1168 .
232 1134 374 1165 Summus
398 1130 541 1170 pontifex
566 1130 699 1168 Galoyro

279 1179 343 1212 Dat
367 1179 462 1210 clavis
485 1179 682 1216 potestatem,

233 1226 295 1258 Hic
319 1225 436 1256 Christi
459 1226 586 1254 sanctus
608 1220 743 1253 famulus

232 1272 369 1311 Eligitur
391 1277 469 1309 prae
490 1269 569 1308 aliis,

278 1317 324 1349 Ut
346 1318 469 1356 premat
490 1314 658 1354 feritatem,

197 1391 203 1398 .
234 1365 279 1396 Ut
303 1363 477 1396 Siculorum
501 1363 625 1401 populis

234 1412 263 1442 A
289 1410 471 1441 daemonum
496 1408 630 1440 fallaciis

283 1455 393 1495 Capiat
415 1455 603 1488 libertatem.

201 1564 208 1572 .
235 1539 356 1571 Novum
380 1538 466 1569 sidus
490 1538 624 1578 emicuit,

282 1587 397 1618 Amore
420 1593 538 1616 summo
559 1583 724 1622 fervidum,

329 1631 495 1670 Speculum
520 1631 706 1670 sanctitatis,

236 1678 328 1710 Miris
354 1677 484 1710 diversis
511 1678 624 1708 claruit

282 1723 402 1756 Lumen
424 1724 509 1754 vitae
532 1724 733 1762 splendidum

329 1771 510 1802 Monstrans
535 1770 617 1801 viam
641 1770 751 1801 salutis
760 1780 768 1808 3

200 1842 208 1851 .
240 1816 474 1856 Languenfibus
497 1817 550 1848 hic
572 1815 694 1855 profuit

285 1863 481 1895 Medicamen
506 1863 583 1895 dans
609 1863 747 1895 validum

330 1910 387 1941 Vir
414 1918 545 1948 magnae
569 1909 732 1941 claritatis.

205 2021 212 2027 .
240 1992 350 2025 Gaude
372 1996 416 2032 tu,
441 1996 542 2024 mater
567 1993 708 2036 Graecia,

286 2039 434 2071 Lustrata
456 2042 543 2071 tanto
566 2040 683 2071 lumine

331 2086 482 2118 Pudentis
507 2086 581 2117 almi
605 2086 681 2127 nati,

237 2133 299 2164 Dei
322 2132 437 2172 repleti
459 2133 572 2171 gratia,

286 2180 381 2218 Cujus
405 2180 527 2218 potenti
549 2180 674 2210 nomine

331 2226 508 2258 Daemones
531 2228 605 2257 sunt
627 2224 745 2265 fugati3

197 2299 205 2307 .
238 2273 387 2306 Exsultet
409 2281 492 2305 nunc
516 2273 633 2313 Sicilia,

284 2322 323 2353 In
346 2320 439 2359 hujus
463 2320 563 2360 panis
588 2320 714 2354 numine

332 2367 430 2399 Siculi
453 2370 526 2399 sunt
549 2367 671 2400 salvati.

768 131 836 165 200
884 150 929 155 —-

958 223 1005 254 In
1030 224 1061 254 2.
1087 221 1316 253 Nocturna

1037 294 1231 328 Antiphonae.

840 353 871 386 1.
895 353 934 384 In
958 360 1039 390 pace
1064 360 1132 382 cum
1157 350 1282 383 Christo
1306 356 1446 387 manens,

945 397 1139 429 Sublimatus
1163 395 1316 435 praemio,

896 444 959 475 Hic
982 453 1066 476 vana
1089 442 1199 474 mundi
1223 442 1381 481 repellens

945 490 1062 522 Christi
1087 488 1232 521 adhaesit
1255 487 1396 527 vestigio.

840 548 871 578 2.
897 547 1033 579 Precare
1057 554 1148 584 nunc,
1176 544 1319 583 Caloyre‚

945 592 1040 630 Quem
1066 592 1162 624 corde
1186 590 1337 631 dilexisti,

897 640 941 671 Ut
963 647 1139 671 mereamur
1160 645 1293 677 pergere

943 686 998 717 Ad
1020 685 1126 723 vitam,
1153 693 1245 724 quam
1270 683 1388 723 petisti.

843 744 874 774 3.
902 741 1053 780 Caloyrus
1075 742 1141 779 Jam
1165 740 1280 771 meruit

945 787 1006 818 Dei
1030 790 1166 818 montem
1191 786 1374 820 ascendere,

900 834 959 873 Qui
985 835 1150 865 daemones
1175 841 1237 864 non
1261 833 1375 864 metuit

944 880 1040 920 Signo
1065 880 1165 911 crucis
1191 879 1367 911 devincere.

1034 954 1238 989 Responsoria.

845 1004 874 1036 1.
903 1002 1054 1040 Caloyrus
1077 1000 1225 1039 obsequio

944 1049 1042 1081 Parat
1063 1046 1125 1077 Dei
1148 1055 1182 1078 se
1203 1049 1312 1088 totum,

903 1095 1022 1133 Corpus
1047 1095 1131 1124 artat
1151 1094 1271 1132 Jejunio

946 1139 1118 1179 Expellens
1141 1140 1241 1171 hostis
1265 1143 1383 1171 motum

900 1186 1132 1224 Renuntiatque
1156 1187 1284 1225 proprio

945 1233 1102 1265 Emittens
1129 1235 1213 1263 caste
1237 1236 1353 1265 votum.

832 1281 869 1313 V.
900 1281 1003 1312 Intrat
1025 1287 1132 1311 nemus
1159 1288 1226 1310 cum
1252 1281 1379 1321 gaudio,

901 1327 1049 1358 Vescitur
1070 1325 1178 1357 herbis
1203 1327 1339 1364 prandio

946 1373 1092 1405 Renuens
1119 1372 1182 1403 vini
1205 1376 1325 1410 potum.

844 1432 875 1462 2.
902 1429 973 1461 Siac
999 1428 1071 1459 dum
1095 1428 1273 1467 ingreditur

950 1475 1052 1507 Senex
1076 1471 1161 1517 [iste]
1185 1477 1339 1518 servuluS,

903 1523 979 1554 Jesu
1005 1522 1066 1552 cito
1090 1521 1240 1563 creditur,

998 1567 1096 1605 Quem
1117 1567 1171 1599 hic
1192 1568 1410 1609 praedicabat,

906 1614 1013 1646 Crucis
1038 1613 1097 1644 hoc
1122 1614 1282 1653 signaculo

950 1659 1048 1692 Sanat
1069 1660 1132 1692 Dei
1157 1659 1292 1693 famulus

902 1707 1020 1738 Multos
1042 1707 1074 1738 in
1099 1707 1159 1738 hoc
1182 1709 1317 1748 saecum,

997 1754 1137 1785 Daemon
1163 1763 1239 1794 quos
1263 1756 1437 1796 gravabat3

834 1801 873 1832 V.
900 1800 939 1832 In
961 1799 1025 1832 fide
1049 1800 1212 1839 perficitur

949 1847 1046 1879 Totus
1072 1846 1145 1879 Siac
1168 1848 1314 1887 populus,

903 1894 1073 1933 Menteque
1100 1895 1271 1934 suscipitur

998 1940 1093 1979 Crux,
1118 1941 1172 1972 hic
1195 1950 1287 1981 quam
1310 1941 1453 1974 docebat.

849 1996 879 2028 3,
905 1993 1014 2026 Infans
1038 1996 1173 2028 senescit
1196 1998 1335 2029 moribus

952 2040 1191 2075 Transcendens
1216 2041 1313 2088 vi[arn
1340 2045 1439 2085 veri],

907 2088 937 2118 A
966 2087 1085 2127 laqueis
1109 2090 1276 2122 hostilibus

952 2133 998 2165 Ut
1021 2136 1123 2174 possit
1145 2145 1180 2167 se
1203 2138 1296 2177 tueri,

909 2181 1013 2212 Instat
1037 2183 1069 2213 et
1092 2191 1217 2223 semper
1238 2184 1387 2223 precibus

958 2227 1062 2259 Vitam
1088 2238 1241 2268 quaerens
1264 2233 1397 2271 mereri;

839 2275 877 2307 V.
909 2274 1019 2306 Carnis
1046 2275 1182 2308 dimissis
1206 2277 1360 2319 patribuS,

910 2321 969 2360 Qui
993 2322 1096 2361 aperit
1119 2324 1327 2367 pulsantibuS,

952 2367 1103 2408 Exquirit
1125 2371 1299 2407 inhaerere.
