1652 2615
728 167 768 172 --
821 145 984 181 244—

416 242 619 278 Responsoria.

228 300 256 333 1.
283 300 376 332 Alma
399 299 464 332 dies
489 299 637 330 mundum

332 347 379 378 bis
404 346 486 377 senis
510 347 665 384 purpurat
688 345 783 383 horis,

284 394 345 425 Per
369 401 444 432 quas
472 392 584 423 eicitur

328 440 428 471 noctis
454 438 552 477 caligo
578 436 745 476 profunda,

213 487 250 519 V.
282 486 374 517 Alma
400 485 465 517 dies
488 484 573 515 Deus
600 487 655 526 est,

330 531 430 571 fulget
452 529 631 562 Matthaeus
655 528 686 561 in
713 531 808 562 horis.

897 242 929 272 2.
955 241 1001 272 Te
1024 241 1199 281 geminatus
1223 250 1304 281 apex

1000 288 1150 328 praebet,
1186 288 1359 326 Mantiane,
1398 286 1502 317 colen—

1279 335 1362 371 dum,

953 380 1052 412 Nobis
1074 380 1183 412 invicti

999 435 1056 466 per
1070 435 1159 466 quem
1171 430 1260 465 patet
1272 426 1354 458 actio
1366 425 1482 458 Christi
1493 435 1500 464 3

883 482 920 515 V.
951 482 1105 522 Egregius
1131 485 1226 520 tutor,

1002 532 1055 559 tua
1079 527 1163 560 festa
1188 527 1361 560 colentibus
1388 528 1483 560 adsis.

287 597 369 625 BreV.
389 603 441 622 ms.
463 594 677 621 Salernitanum
698 602 771 621 saec.
794 593 836 621 15.
868 591 935 620 Cod.
957 592 1050 628 Capit.
1071 593 1183 621 Salern-
1213 602 1235 621 s.
1255 603 1284 621 n.
1304 592 1338 620 A.
1359 607 1395 611 —-
1417 594 1501 621 Brev.

212 634 424 661 Salernitanum
456 633 523 667 imp.
552 632 677 667 Neapoli
713 630 794 659 1542.
820 632 852 659 Β.
873 644 911 649 --
938 631 1039 666 Propr.
1066 630 1291 659 Salernitanum.
1322 632 1391 666 imp.
1419 632 1495 659 Nea-

212 671 271 705 poli
300 669 378 697 1594.
410 668 438 695 C.
460 683 494 687 -
515 669 575 695 Vor
597 669 647 696 der
665 670 731 696 Ant
753 670 789 696 ad
808 669 1037 705 processionem:
1066 669 1223 704 „Oratione
1243 669 1327 696 finita
1346 668 1501 696 descendat

214 708 444 743 archiepiscopus
475 714 537 733 cum
569 708 630 742 epis
633 708 712 742 copis
744 710 773 734 et
801 706 954 734 abbatibus
986 708 1015 732 et
1043 706 1156 733 clericis
1187 706 1443 742 processionaliter
1470 708 1501 733 in

216 754 264 779 οη,
266 747 344 779 ptam
369 745 450 773 beati
474 744 616 771 Matthaei
642 745 782 771 cantando
802 745 878 771 hanc
897 741 1120 779 Anti1)honam.“
1142 744 1175 770 A
1197 759 1233 763 —
1252 745 1314 772 Vor
1334 744 1384 771 ‹lei-
1402 744 1500 779 vigil:

217 783 269 817 „ln
289 791 351 810 sero
373 784 468 810 autem
488 782 648 809 cantandae
668 785 735 809 sunt
754 782 883 818 Vigiliae
902 782 932 807 in
954 781 1058 830 quibus
1078 789 1137 808 non
1158 784 1202 808 est
1221 781 1371 809 dicendum
1391 782 1502 809 Invita-

217 821 336 852 torium,
362 820 411 847 sed
431 819 522 854 primo
543 819 757 854 pronuntianda
776 822 820 846 est
838 815 1031 853 Antiphonaf‘
1053 832 1089 837 —
1109 819 1166 845 Zur
1184 820 1311 846 Matutin
1331 819 1502 847 wiederholt

213 857 274 884 ¹sich
305 857 353 884 die
377 858 452 884 erste
470 856 537 882 Ant.
557 856 616 883 und
635 855 718 884 beide
736 857 836 892 Resp;
858 855 909 883 clas
936 856 1038 891 tibi-ige
1057 857 1097 882 ist
1116 857 1274 891 prosaisch.
1295 870 1331 875 -
1349 856 1377 883 V
1379 857 1501 884 erfasser

213 895 305 925 dieses
322 894 468 922 Officiums
487 893 581 920 durfte
600 893 677 921 wohl
697 894 766 929 Alp
774 894 892 921 hanus
912 902 983 920 von
1003 893 1161 920 Salerno
1184 895 1253 928 sein,
1274 895 1307 921 in
1322 894 1425 921 dessen
1438 895 1502 921 Zeit

214 931 261 958 ‹lie
279 931 465 960 Translation
484 930 550 957 fallt
567 931 627 957 untl
647 903 766 958 clessenp
769 930 935 959 Schreibart
954 930 1005 957 clas
1025 929 1158 958 Officium
1178 933 1283 959 verr'at.

385 1039 428 1071 86.
464 1039 504 1070 De
524 1047 563 1070 ss.
584 1040 723 1077 Maximo,
745 1040 878 1075 Julia110‚
901 1040 1064 1072 Felicitate
1089 1043 1120 1072 et
1139 1042 1326 1074 Innocentio.

954 1110 1006 1142 Sic
1030 1120 1086 1142 nos
1111 1111 1273 1143 beatificas

999 1166 1128 1189 munere
1153 1158 1285 1200 decoris,

890 1203 922 1234 V.
954 1203 978 1235 Ο
1006 1204 1090 1235 celsa
1114 1204 1300 1246 benignitas,

1001 1251 1115 1282 caritas
1140 1253 1265 1286 amoris

1079 1325 1124 1352 Ad
1141 1325 1319 1371 Magnificat.

885 1382 923 1413 A.
958 1380 1050 1412 Clara
1074 1382 1141 1415 dies
1167 1383 1315 1426 laetitiae,

959 1428 1024 1466 Qua
1051 1428 1146 1468 digna
1171 1428 1207 1460 fit
1230 1429 1370 1462 inventio

1004 1475 1147 1507 Omnium
1172 1480 1361 1518 sanctorum,

955 1521 1074 1559 Eorum
1097 1531 1193 1561 prece
1217 1524 1329 1555 sedula

953 1567 1019 1599 Nos
1046 1568 1105 1599 duc
1130 1570 1171 1601 ad
1196 1571 1275 1602 caeli
1301 1571 1427 1611 gaudia,

1001 1614 1086 1654 Jesu,
1113 1616 1181 1648 laus
1206 1618 1398 1657 angelorum.

347 1110 391 1141 In
419 1109 446 1141 1.
473 1109 687 1148 Vesperis.

418 1191 610 1226 Antiphonae.

229 1259 259 1290 1.
285 1258 378 1288 Alme
402 1260 493 1296 pater
518 1256 739 1300 confessorum,

284 1304 321 1335 ln
348 1307 472 1335 caterva
496 1302 592 1335 fultus
618 1313 746 1344 morum,

287 1350 415 1381 Praesul
441 1350 534 1390 digne
558 1351 754 1393 Patavorum‚

284 1396 465 1428 Advocatus
491 1399 524 1427 tu
550 1405 582 1427 es
608 1406 747 1437 quorum,

329 1443 352 1475 Ο
379 1443 470 1474 beate
494 1443 642 1475 Maxime.

228 1527 259 1559 2.
285 1527 389 1558 Incliti
414 1529 487 1557 sunt
510 1527 679 1559 bellatores

284 1572 391 1605 Sancti
414 1572 475 1603 Dei
499 1573 689 1613 innocentes,

286 1619 388 1651 Stolas
410 1628 482 1650 suas
507 1620 669 1652 abluentes

285 1667 322 1697 ln
347 1666 498 1706 sanguine
521 1669 594 1697 sunt
617 1671 793 1707 sequentes,

331 1713 453 1752 Agnum
480 1713 549 1744 sine
573 1715 703 1748 macula.
1020 1709 1080 1740 Ad
1106 1710 1367 1743 Matutinum.

1083 1783 1299 1813 Invitatorium.

954 1838 1031 1878 Regi
1057 1848 1221 1880 regnorum

956 1885 1021 1917 Deo
1043 1887 1222 1931 jubilemus,

953 1932 1011 1971 Qui
1036 1937 1214 1967 sanctorum
1240 1946 1368 1969 suorum

953 1988 1009 2010 nos
1034 1981 1187 2014 laetificat

954 2026 1134 2060 inventione
1158 2031 1312 2065 sollemni.

231 1798 262 1829 3.
288 1797 424 1836 Egregie
450 1797 531 1828 ensis
555 1798 647 1837 lator,

287 1843 403 1875 Christi
426 1843 527 1884 miles,
553 1848 744 1885 propagator

284 1890 444 1931 VeritatiS,
471 1894 671 1923 conservator

286 1936 422 1968 Nostrae
445 1946 579 1978 pugnae,
604 1941 638 1968 tu
663 1942 817 1978 pugnator

332 1984 393 2015 Pro
417 1983 518 2025 nobis,
545 1984 679 2018 Juliane.

227 2068 259 2098 4.
285 2066 379 2099 Clara
402 2067 488 2098 velut
507 2067 656 2099 Felicitas

287 2113 370 2145 Solis
391 2113 486 2152 jubar
512 2116 543 2144 et
567 2115 703 2155 claritas,

284 2160 384 2191 Beata
409 2160 496 2199 cujus
520 2160 653 2201 bonitas,

286 2206 351 2238 Nos
376 2206 461 2239 fovet
486 2216 542 2239 sua
566 2209 727 2246 sanctitas,

332 2254 394 2286 Pro
420 2253 503 2286 clero
529 2257 560 2286 et
583 2255 774 2296 interpellet.

1017 2122 1061 2152 In
1089 2123 1119 2154 1.
1147 2123 1372 2159 Nocturno.

1104 2197 1296 2233 Antiphonae.

903 2251 932 2283 1.
959 2252 1002 2283 Hi
1028 2262 1097 2284 cum
1123 2256 1304 2291 mulieribus

1002 2309 1063 2332 non
1088 2305 1162 2333 sunt
1188 2304 1390 2346 coinquinati,

958 2346 1051 2378 Caelo
1076 2349 1215 2388 gaudent
1238 2353 1357 2393 angelis

1003 2392 1063 2424 Dei
1087 2396 1206 2428 sociati.

214 2338 252 2370 R.
284 2339 308 2371 Ο
334 2339 387 2378 pia
413 2339 577 2373 clementia

327 2384 428 2426 nostri
452 2387 672 2436 redemptoris,
