1652 2615
174 227 205 257 2.
231 224 316 256 Urbs
342 224 441 255 electa
464 222 545 256 votis
572 222 651 255 divis

279 271 354 302 Reis
380 273 426 301 est
450 268 614 310 refugium,

232 317 269 347 In
295 326 355 356 qua
378 317 463 348 Deus
488 319 593 347 manet
617 315 693 346 civis

278 363 320 394 Et
342 365 429 394 tenet
451 362 626 400 imperium.

178 430 208 461 3.
235 429 306 460 Jam
330 427 422 459 Eliae
447 427 586 465 chlamys
613 425 704 457 datur

280 474 401 513 Tegens
425 473 484 504 Dei
509 471 618 513 filium,

232 520 352 551 Fluxus
377 519 475 550 amnis
502 518 661 550 dividatur

280 566 420 597 Trahens
444 566 484 597 ad
511 566 675 597 excidium.

178 634 210 665 4.
234 631 285 663 Ex
307 631 433 670 lechyto
455 631 509 670 pie
530 628 602 661 fluit

282 678 349 710 Olei
373 675 523 716 perfusio,

235 725 299 763 Quo
324 723 433 763 rubigo
459 725 547 755 vetus
568 724 630 754 ruit

280 769 424 802 Necdum
450 772 550 802 cessat
572 770 689 802 unctio.

784 127 827 161 66
879 146 921 151 -—

902 221 1008 259 Ipsum
1033 220 1157 252 salvans

951 267 1067 298 virtute
1093 266 1219 298 celebri.

970 361 1016 392 In
1041 361 1074 393 2.
1100 360 1208 397 Vesp
1225 359 1319 389 eris.

1021 431 1114 467 Super
1132 431 1273 459 Psalmos.

833 491 872 521 A.
902 488 1016 520 Matris
1040 487 1100 519 Dei

952 544 1033 567 nova
1059 533 1221 574 conceptio

905 582 1013 622 Typus
1038 581 1120 612 horti

954 628 1098 660 caelestis
1126 627 1283 668 germinis,

906 676 1001 715 Quam
1027 675 1161 707 inundat

952 720 1157 753 sanctificatio

906 769 950 800 Et
973 768 1121 800 fecundat

953 816 1000 847 vis
1024 815 1126 846 sancti
1147 812 1292 854 flaminis,

908 862 973 894 Nos
999 862 1144 893 emundet

955 918 974 940 a
995 908 1070 940 labe
1095 908 1242 940 criminis.

180 838 210 868 5.
236 835 427 867 Medicinam
452 835 568 867 mundo
592 834 714 875 profert

284 882 402 914 Tobiae
425 882 605 923 piscarium,

239 928 337 960 Caeco
361 928 463 960 lumen
489 931 611 969 gratum
638 927 759 960 confort

284 976 327 1007 Et
351 974 437 1014 fugat
464 976 668 1007 daemonium.
1032 982 1076 1008 Ad
1094 982 1271 1017 Magnificat.

838 1041 879 1075 A.
909 1040 933 1071 O
959 1047 1050 1078 quam
1071 1037 1148 1070 felix

955 1087 1068 1117 Annae
1091 1084 1277 1123 fecunditas,

908 1133 1044 1164 Parvum
1070 1132 1173 1163 celans

958 1177 1076 1210 fontem
1102 1179 1295 1218 clementiae,

910 1225 974 1257 Sub
999 1225 1118 1264 pugillo

958 1271 1114 1302 clauditur
1138 1272 1298 1314 sanctitas,

912 1318 1053 1358 Lignum,
1080 1318 1204 1357 vermis,

959 1365 1044 1404 origo
1069 1365 1203 1404 gratiam

911 1411 1003 1442 Nunc
1028 1414 1150 1442 emanet.

959 1457 1094 1489 fecunda
1115 1457 1246 1497 puritas,

912 1503 1122 1545 crystallinae

956 1551 1011 1582 lux
1035 1549 1251 1590 refulgentiae.

354 1066 400 1094 Ad
419 1066 599 1094 Benedictus.

167 1134 206 1167 A.
237 1134 329 1164 Anna
353 1132 443 1164 nobis

285 1180 420 1211 Mariam
443 1179 599 1218 praebuit,

239 1225 344 1257 Radix
367 1228 477 1256 sancta

284 1272 361 1312 ligni
385 1270 551 1310 fructiferi,

240 1319 335 1357 Virgo
359 1320 461 1349 mater

285 1364 450 1396 Dominum
476 1364 590 1406 genuit,

237 1410 343 1443 Arbor
365 1419 456 1442 sacra

291 1456 394 1489 fructu
420 1466 489 1489 euni
510 1457 616 1498 uberi;

241 1503 332 1535 Jesus
357 1505 505 1535 mundum

288 1551 372 1582 vitae
396 1550 543 1588 restituit,

247 1633 330 1660 Brev.
356 1641 409 1660 ms.
436 1633 601 1660 Vivariense
635 1635 702 1660 anni
726 1632 806 1662 1342.
847 1634 914 1662 0011.
942 1633 970 1660 S.
998 1634 1120 1669 Josephi
1145 1633 1311 1669 Lugdunen.
1337 1635 1363 1661 Y
1390 1644 1408 1662 a
1436 1634 1461 1662 6.

171 1672 205 1698 A.
240 1685 274 1689 —
302 1671 384 1698 Brev.
412 1679 463 1697 ms.
488 1670 657 1698 vivariense
683 1680 756 1699 saec.
785 1669 828 1698 15.
871 1671 938 1698 Cnd.
964 1672 1141 1698 Avenionen.
1166 1668 1221 1697 219
1256 1672 1287 1698 Β.
1313 1688 1350 1691 -
1376 1673 1461 1700 Brev.

173 1717 224 1736 nis.
240 1708 368 1736 Lucem*
390 1707 519 1735 <acu-..14
541 1709 579 1734 in.
612 1708 677 1735 ovd.
701 1709 793 1745 Capit.
808 1709 915 1736 Lucen.
938 1717 960 1736 s.
974 1717 1002 1735 n.
1018 1709 1047 1736 G.
1069 1723 1106 1727 —
1128 1710 1291 1743 Hymnen:·
1300 1709 1343 1736 Ad
1357 1710 1462 1746 Vesp-:

173 1747 288 1774 Novum
315 1748 434 1782 surgant
453 1747 484 1772 in
504 1745 641 1780 gaudium
662 1745 754 1778 (Anal.
774 1746 823 1780 IV,
844 1744 905 1782 43);
932 1746 977 1773 Ad
996 1747 1103 1773 Matut:
1128 1747 1162 1773 In
1182 1746 1286 1781 plausu
1306 1749 1382 1782 grati
1402 1756 1463 1775 car-

175 1785 260 1811 minis
280 1781 373 1814 (Anal.
394 1783 444 1816 IV,
464 1782 525 1817 44);
546 1783 590 1810 Ad
609 1783 738 1811 Laudes:
759 1783 895 1811 Exsultet
914 1792 989 1811 novo
1011 1785 1137 1811 carmine
1157 1783 1251 1818 (Anal.
1272 1785 1323 1817 XI,
1343 1783 1399 1820 41).

598 1901 638 1932 21.
668 1901 711 1931 De
731 1901 928 1942 conceptione
947 1903 1033 1933 BMV.

318 1979 334 2011 I
343 1988 363 2009 n
390 1978 419 2010 1.
447 1979 473 2009 V
484 1987 501 2009 e
510 1986 525 2008 s
534 1987 554 2017 p
566 1987 583 2009 e
591 1979 627 2010 ri
636 1987 661 2011 s,
865 1982 897 2015 2,
922 1980 1046 2012 Lustris
1071 1980 1229 2019 quaternis
1253 1981 1377 2013 incolae

454 2061 460 2067 ,
920 2026 1081 2058 Nazareth
1105 2027 1223 2066 absque
1246 2028 1354 2059 sobole

392 2060 584 2096 Annphonae.
965 2072 1157 2105 Fundebant
1180 2074 1341 2112 tripartite

919 2120 1036 2151 Rerum
1066 2122 1236 2158 proventus
1260 2122 1372 2154 uberes

920 2166 1006 2206 Erga
1032 2167 1182 2205 templum
1208 2170 1239 2198 et
1264 2178 1418 2208 pauperes

968 2214 1012 2245 Et
1034 2222 1113 2252 opus
1136 2222 1212 2246 suae
1233 2215 1327 2248 vitae.

865 2272 895 2304 3.
922 2269 992 2303 Hac
1015 2270 1219 2308 implorantes
1243 2273 1325 2304 serie

920 2316 1054 2348 Divinae
1080 2316 1193 2349 donum
1217 2321 1338 2358 gratiae

965 2364 1129 2397 'Voverunt
1152 2367 1223 2397 voto
1248 2367 1329 2407 pari,

191 2132 220 2164 1.
249 2129 325 2161 Fuit
348 2128 439 2159 homo
467 2127 505 2158 de
529 2128 646 2160 semine

249 2175 363 2216 David,
390 2173 533 2206 Joachim
557 2176 690 2214 nomine,

298 2222 415 2258 JustuS,
438 2220 571 2260 simplex
595 2231 634 2253 ac
656 2225 770 2262 rectus,

250 2270 307 2301 Vir
331 2269 452 2309 Annae³
479 2266 570 2299 fortis
596 2267 739 2309 feminae,

251 2316 392 2349 Carentis
417 2317 483 2346 tum
508 2316 680 2355 propagine

296 2363 478 2401 Diebusque
501 2365 678 2402 provectus
