1652 2615
244 238 302 274 Cui
324 241 432 274 adstat

290 288 350 319 Dei
374 289 555 327 sacrarium,

243 334 361 374 Nequit
384 334 430 365 ibi

288 389 356 412 csse
377 382 559 423 periculum,

240 427 305 458 Ubi
332 427 426 465 salus,

289 480 368 512 quae
393 476 481 503 curat
505 472 673 504 saeculum.

202 543 208 550 .
237 518 393 549 Gabrielis

281 565 372 603 Juxta
396 566 592 605 praesagium

237 611 329 642 Nunc
354 615 402 641 est
424 614 530 642 natum

285 658 454 688 multoium
480 658 638 697 gaudium.

205 737 212 744 .
239 712 356 744 Summi
381 714 462 753 regis

285 763 386 791 mater
407 761 529 801 eximia,

242 806 386 838 Grloliosa

287 854 441 885 caelorum
467 854 601 895 domina,

241 900 327 932 Caeli
350 900 457 939 melos,

286 945 394 977 mundi
418 945 542 984 fiducia,

244 992 364 1024 Nostra
389 992 523 1024 clemens

286 1039 359 1070 audi
383 1040 573 1077 precamina.

202 1111 208 1116 .
238 1084 337 1116 Stella
360 1086 454 1116 maris

286 1140 413 1163 occasus
437 1133 552 1171 nescia⁷

243 1177 337 1208 Placa
360 1177 450 1208 nobis

288 1225 382 1255 maris
409 1226 588 1257 certamina.

299 1362 345 1393 In
370 1363 400 1394 3.
427 1362 654 1394 Nocturno.

382 1435 426 1462 Ad
447 1435 574 1464 Cantica.

206 1515 213 1522 .
244 1492 414 1523 Salvatorif

289 1541 456 1576 conceptus
483 1539 642 1583 panditur,

243 1585 336 1616 Alma
361 1584 447 1624 virgo

291 1632 398 1664 diviua
422 1632 576 1671 proditur⁷

242 1678 414 1709 Benedicta

287 1724 461 1763 praedigna
485 1725 608 1767 dicitur,

241 1770 277 1801 In
304 1780 364 1810 qua
388 1771 472 1802 vitae

291 1815 410 1848 fructus
435 1819 583 1849 exoritur.

369 1899 574 1934 Responsoria.

211 1978 217 1984 .
244 1954 350 1996 Virgo,
377 1958 478 1988 mater

289 2001 531 2043 misericordiae,

243 2047 402 2079 Senectuti

287 2102 449 2133 compassa
473 2095 632 2136 gravidae,

242 2139 395 2171 Miserere

289 2187 398 2218 matris
423 2188 582 2226 ecclesiae,

242 2233 288 2265 Ut
310 2234 342 2265 in
367 2242 445 2273 pace

287 2281 426 2312 lauderis
452 2281 585 2320 placide.

201 2352 209 2360 .
239 2327 462 2366 Interemptrix

284 2375 381 2415 pestis
413 2374 598 2416 haereticae,

789 147 855 182 104
902 167 948 174 ——-

917 242 1142 284 Interemptrix

961 291 1004 339 sis
1031 295 1062 322 et
1085 291 1312 324 schismaticae.

856 365 886 395 2.
914 364 1060 396 Continet
1081 366 1113 396 in
1138 367 1255 404 gremio

959 411 1079 442 caelum
1102 413 1280 450 terramque
1296 413 1456 449 regentem

914 455 1007 495 Virgo
1032 456 1093 487 Dei
1117 457 1263 497 genitrix,

956 511 1104 541 proceres
1123 503 1314 534 comitantur
1330 501 1457 540 heriles,

910 548 972 581 Per
997 558 1073 588 quos
1099 549 1184 581 orbis
1209 556 1306 580 ovans

958 596 1083 629 Christo
1109 595 1166 627 sub
1185 596 1330 635 principe
1346 595 1454 634 pollet.

870 669 877 676 .
908 643 1004 683 Virgo
1030 643 1089 674 Dei
1114 643 1261 684 genitrix,

956 698 1046 729 quem
1071 692 1154 722 totus
1176 699 1237 721 non
1258 689 1341 729 capit
1360 689 1455 731 orbis,

908 738 945 769 In
971 739 1024 768 tua
1048 745 1082 768 se
1108 737 1217 768 clausit

955 784 1077 816 viscera
1102 782 1203 814 factus
1228 783 1331 815 homo.

853 888 883 899 ε.
910 868 934 900 Ο
960 868 1097 907 gloriosa
1122 867 1258 905 domina,

910 913 1047 946 Excelsa
1071 921 1165 954 super
1190 914 1306 952 sidera,

909 960 977 992 Nec
1000 961 1132 1000 primam
1155 960 1288 992 similem

957 1008 1025 1039 visa
1050 1016 1082 1038 es
1107 1015 1166 1039 nec
1189 1007 1308 1038 habere
1324 1014 1454 1045 sequen-

1232 1056 1305 1093 tem,

909 1100 982 1132 Sola
1006 1101 1074 1132 sine
1099 1101 1241 1139 exemplo

956 1147 1101 1185 placuisti
1127 1146 1243 1179 femina
1269 1146 1403 1179 Christo.

872 1220 879 1226 .
911 1193 984 1225 Sola
1008 1193 1070 1224 fuit
1093 1194 1214 1231 mulier,

957 1241 1059 1278 patuit
1084 1249 1144 1280 qua
1166 1240 1263 1278 janua
1287 1239 1354 1278 leti,

909 1287 971 1319 Per
995 1295 1086 1326 quam
1113 1287 1178 1317 vita
1202 1286 1295 1326 redit,

957 1333 1024 1364 sola
1049 1332 1109 1364 fuit
1132 1333 1254 1366 mulier.

1001 1483 1043 1513 ln
1069 1482 1295 1515 Laudibus.

1053 1565 1246 1600 Antiphonae.

877 1666 884 1672 .
911 1641 1043 1672 scandit
1065 1643 1186 1673 montes

957 1697 1070 1719 aurora
1094 1688 1222 1728 gratiae,

910 1734 997 1766 Luce
1018 1733 1142 1774 fulgens

956 1790 1111 1820 supernae
1133 1781 1260 1821 gloriae,

912 1827 1010 1860 Justis
1035 1829 1133 1860 solem

958 1873 1063 1906 ferens
1085 1874 1238 1914 justitiae,

910 1920 1020 1952 Novae
1045 1922 1127 1952 diem

961 1967 1047 1998 ducit
1069 1967 1218 1999 laetitiae.

879 2076 885 2081 .
912 2052 948 2083 In
971 2055 1112 2084 materno

959 2107 1126 2139 congressu
1149 2099 1260 2130 melleo

912 2145 1029 2176 Praeco
1054 2155 1171 2185 parvus

958 2192 1042 2223 dulci
1066 2192 1205 2232 virgineo

911 2238 1036 2270 Gaudet
1059 2238 1162 2271 fructu

957 2285 1105 2318 cumbens
1127 2286 1159 2317 in
1185 2291 1286 2328 utero,

908 2333 992 2364 Puer
1015 2332 1120 2366 infans

958 2379 1088 2412 colludit
1111 2390 1221 2422 puero.
