1652 2615
727 138 984 173 ——193-

334 230 379 260 In
405 231 437 264 3.
464 231 695 265 Nocturno.

417 313 614 349 Antiphonae.

214 369 245 401 1.
273 369 393 402 Christi
417 371 658 403 tabernaculum

318 416 477 449 Habitans
502 427 642 458 securus,

272 463 379 503 Anno,
405 464 449 496 sis
474 465 693 497 umbraculum

319 510 422 542 Nobis
447 511 642 551 profuturus.

213 575 246 606 2.
274 574 387 606 Cordis
413 577 618 617 desiderium,

269 621 364 653 Vitae
387 622 589 663 refrigerium

319 668 407 699 Deus
432 670 516 701 hunc
539 671 707 712 impendit,

275 715 451 748 Providens
474 717 668 756 pauperibus

274 762 405 794 Penitus
430 763 580 802 operibus

321 808 385 841 Sua
410 810 484 842 dum
509 810 672 850 expendit.

216 877 247 907 3.
274 875 367 906 Anno
393 874 512 907 Christi
540 876 587 907 sic
611 876 734 915 accepit

322 922 590 966 Benedictionem,

275 968 365 1007 Quod
389 970 574 1008 perenniter
598 970 742 1009 suscepit

324 1015 411 1047 Caeli
435 1017 642 1049 mansionem.

406 1108 615 1144 Responsoria.

215 1166 247 1197 1.
272 1165 373 1204 Euge,
400 1174 494 1199 serve
518 1165 610 1205 bone,

272 1210 424 1244 Pontifex
449 1214 595 1245 Veronae

319 1258 472 1299 Pervigil,
497 1258 613 1299 fidelis,

270 1307 375 1344 Anno,
400 1306 453 1344 pie
476 1308 580 1347 pater,

271 1352 350 1384 Esto
375 1353 467 1384 nobis
493 1351 594 1384 frater

317 1398 454 1431 Sedulus
478 1399 511 1430 in
538 1399 647 1432 caeliS.

203 1446 242 1479 V.
275 1446 401 1478 Christo
426 1446 494 1486 regi
520 1446 656 1485 duplicis

320 1492 480 1524 Redditor
505 1493 628 1532 talenti,

271 1539 381 1572 Hostis
406 1549 463 1571 nos
488 1540 675 1579 multiplicis

317 1586 431 1618 Exime
457 1587 600 1618 cautelis.

215 1656 247 1688 2.
273 1655 367 1686 Anno
391 1662 544 1693 spernens
569 1655 682 1684 cuncta
706 1662 788 1686 vana

271 1701 335 1732 Pro
361 1701 499 1732 aeternis
526 1700 580 1731 dat
604 1700 763 1732 mundana

318 1747 364 1778 Et
386 1755 445 1785 pro
469 1747 578 1786 granis
602 1747 739 1787 paleam,

273 1793 395 1833 Corpus
422 1794 509 1834 terit,
534 1796 570 1825 ut
585 1802 674 1825 mens
693 1797 825 1835 crescat,

272 1842 406 1874 Servum
431 1841 558 1882 premit,
584 1850 625 1872 ne
646 1843 811 1885 tumescat,

319 1887 432 1921 Coi-dis
455 1892 574 1928 purgat
597 1897 722 1930 aream3

199 1936 236 1969 V.
268 1935 440 1975 Comparat
464 1936 593 1977 caelica,

269 1982 417 2022 Despicit
441 1985 548 2015 terrea

316 2030 450 2063 Sumens
474 2031 602 2063 virtutis
627 2031 760 2071 galeam.

211 2099 242 2131 3.
270 2097 295 2129 Ο
320 2098 432 2136 pastor
457 2098 642 2138 apostolice,

268 2145 373 2184 Anno,
399 2145 528 2183 praesul
554 2145 720 2185 catholice,

315 2191 437 2224 Doctor
464 2192 619 2232 veritatis,

267 2239 332 2270 Ora
355 2237 514 2271 Christum
540 2239 700 2279 propitius

267 2284 333 2316 Pro
359 2284 497 2330 famulis,
522 2289 558 2318 ut
584 2287 675 2318 citius

317 2332 427 2365 Solvat
449 2344 468 2366 a
492 2334 645 2374 peccatis.

272 2396 393 2433 Antiph.
413 2407 466 2426 ms.
487 2399 656 2427 Veronense
676 2406 753 2427 saec.
776 2398 818 2428 15.
860 2400 929 2428 Cod.

253 2449 273 2471 D
280 2454 292 2470 r
298 2453 330 2470 ev
337 2453 349 2470 e
356 2453 376 2474 ε,
392 2448 514 2473 Historiae
527 2448 682 2477 rhythmstae.
710 2448 752 2473 lv.

882 235 922 268 V.

882 1627 921 1659 A.

954 234 991 266 In
1017 232 1096 264 caeli
1120 233 1198 264 situs
1224 231 1350 271 gaudio,

952 279 1089 312 Perenni
1113 278 1211 311 fultus
1236 278 1345 310 bravio

1000 326 1090 359 Stola
1114 326 1278 358 claritatis.

1048 430 1092 461 In
1116 429 1340 462 Laudibus.

1094 512 1204 548 Antiph
1208 520 1289 540 onae.

920 595 927 602 .
954 570 1056 607 Anno,
1083 573 1175 610 pater
1199 570 1333 609 patriae,

1001 617 1145 648 Veronae
1166 619 1330 648 stemmate
1355 616 1440 647 claro

955 662 1075 701 Cretus,
1102 673 1158 695 nos
1182 663 1302 694 meritis

1000 710 1150 742 barathro
1175 713 1299 742 tueatur
1323 719 1440 743 amaro,

956 764 1058 797 Galles
1083 766 1192 798 mundi
1215 774 1274 805 per
1297 765 1423 797 labores

1001 813 1189 850 Impollutus
1214 812 1294 844 adiit

954 860 1058 900 Anno,
1087 860 1183 891 saecli
1207 861 1280 898 post
1306 857 1420 890 fluores

1001 905 1128 937 Caelum
1152 906 1308 937 scandens
1331 905 1439 939 subiit.

956 961 1130 993 Decoravit
1147 962 1263 993 nobilis

1000 1008 1122 1040 nobiles
1151 1010 1310 1048 parentes,

956 1054 1033 1087 Cum
1058 1063 1168 1087 sorore
1191 1055 1313 1095 virgine

1003 1101 1130 1134 Christo
1155 1104 1266 1134 curvat
1289 1104 1409 1141 gentes.

924 1181 929 1187 .
955 1158 1039 1189 Huic
1063 1165 1153 1189 soror
1177 1158 1376 1189 sanctissima

1001 1203 1107 1235 Maria
1131 1205 1341 1244 Consolatrix,

953 1250 1050 1290 Virgo
1077 1249 1194 1283 Christi
1220 1252 1413 1292 dignissima,

1000 1296 1079 1328 Fuit
1103 1298 1314 1337 cooperatrix.

919 1378 925 1384 .
951 1354 1044 1386 Hanc
1068 1354 1195 1394 amavit,
1220 1354 1303 1394 quod
1327 1356 1468 1388 servavit

999 1400 1191 1440 virginitatis
1215 1400 1336 1443 florem,

955 1446 1009 1478 Sic
1033 1449 1166 1487 uterque
1188 1447 1314 1480 Christo
1339 1457 1398 1488 per
1422 1458 1457 1481 se

1000 1494 1115 1526 mirum
1140 1495 1263 1535 fragrat
1286 1495 1426 1529 odorem.

1069 1568 1115 1596 Ad
1134 1568 1317 1596 Benedictus.

953 1626 1041 1658 Urbs
1066 1626 1203 1669 Verona,
1230 1627 1399 1669 gratulare,

1000 1673 1175 1704 Terrestris
1200 1673 1379 1715 paradisus,

953 1720 992 1752 In
1015 1722 1048 1750 te
1071 1720 1145 1752 talis
1171 1719 1272 1760 fulget
1296 1721 1382 1752 clare

1002 1766 1145 1806 Uterque
1169 1775 1262 1798 sexus
1287 1768 1383 1806 visus,

955 1813 1051 1846 Caelo
1077 1817 1212 1846 vernant
1234 1823 1319 1846 nunc
1343 1817 1509 1854 praeclare

1002 1862 1096 1893 Anno
1122 1870 1283 1904 sororque,
1310 1862 1392 1893 risus

953 1907 1049 1948 Juges
1074 1910 1193 1952 tenent,
1220 1909 1306 1948 ipsos
1333 1918 1406 1941 care

1000 1955 1104 1995 Roget
1127 1957 1161 1988 in
1185 1956 1312 1989 Christo
1340 1956 1425 1991 fisus

1020 2060 1066 2092 In
1091 2063 1122 2094 2.
1151 2062 1368 2101 Vesperis.

1074 2136 1120 2163 Ad
1135 2136 1313 2172 Magnificat.

952 2192 1085 2225 Liberet
1105 2204 1125 2226 a
1152 2195 1266 2227 damno

996 2249 1054 2272 nos
1086 2242 1186 2273 almus
1210 2242 1377 2282 episcopus
1401 2243 1507 2285 Anno,

952 2287 1017 2319 Det
1040 2286 1148 2330 fruges
1172 2298 1305 2329 morum,

1001 2335 1155 2374 deposcat
1181 2344 1280 2376 regna
1303 2337 1459 2377 polorum.

953 2399 1087 2428 Cathedr.
1107 2401 1251 2430 Veronen.
1273 2400 1299 2430 3.

1301 2447 1336 2478 13
