1652 2615
217 231 316 263 Beata
340 233 396 269 est,
422 237 501 269 quae
525 227 669 268 credidit,

215 279 252 310 In
277 278 336 309 hac
360 275 445 312 fient,
471 283 549 315 quae
577 274 686 306 didicit

262 327 287 357 A
314 323 449 355 Domino
474 324 576 353 mente
599 320 662 360 pia.

146 373 181 403 V.
214 370 308 402 Venit
331 378 370 401 ex
395 372 427 399 te
450 368 663 399 sanctissimus

218 418 351 448 Vocatus
376 415 436 445 Dei
460 413 552 453 filius,

218 463 303 494 Sicut
326 460 487 502 praedixit
510 460 638 498 angelus

262 508 343 540 Suae
367 506 461 538 matri
484 506 517 536 iu
542 506 602 537 via.

160 567 191 597 3.
217 562 381 595 Elisabeth
404 561 623 600 congratulans

217 608 376 642 Profunde
400 617 434 639 se
457 607 623 638 humilians

261 656 300 688 In
325 655 461 687 adventu
485 654 620 685 Messiao

218 703 319 743 Unde,
346 702 399 740 ait,
427 702 604 742 condeceat,

221 749 308 788 Quod
330 751 430 779 mater
454 747 514 778 Dei
537 748 640 777 xeniat

266 796 316 827 Ad
342 803 392 826 me
416 803 484 827 cum
508 794 619 832 plausu
642 793 712 824 viae
721 793 736 822 “s

152 844 168 874 X
221 842 278 883 En,
308 840 383 873 felix
406 840 562 876 salutatio,

222 889 361 928 Duplata
382 887 547 918 exsultatio

271 934 434 967 Dabantur
457 934 488 963 vi
512 933 650 972 sophiae.

282 1056 331 1086 In
356 1055 387 1086 2.
413 1055 638 1085 Nocturno.

364 1127 556 1162 Antiphonae.

174 1187 204 1218 1.
230 1186 301 1216 Non
326 1183 386 1215 fuit
410 1184 552 1216 Christus
577 1183 664 1214 oneri

227 1232 297 1262 Neo
319 1230 422 1269 gravis
445 1230 543 1261 moles
566 1229 657 1268 pueri

278 1276 458 1308 Visceribus
479 1276 589 1307 matris
615 1275 736 1315 dignae,

232 1324 294 1356 Sed
318 1323 428 1362 ignara
453 1323 492 1353 de
514 1323 655 1362 pondere

229 1370 304 1403 Cum
330 1369 484 1408 corporali
508 1368 621 1400 robore

278 1416 457 1449 Transsiliit
480 1415 623 1454 benigne.

172 1476 205 1508 2.
228 1472 388 1503 Transivit
409 1472 443 1502 in
467 1471 579 1502 itinere

230 1518 333 1549 Maria
356 1518 486 1548 multum
510 1525 646 1556 propere

272 1564 462 1596 Montioulos
486 1564 675 1606 scandendo,

229 1611 370 1643 Evitavit
392 1610 553 1642 lasciviam

232 1658 364 1696 Propter
387 1666 507 1688 morum
531 1657 736 1688 constantiam

278 1703 438 1742 Colloquia
459 1705 644 1742 spernendo.

176 1763 206 1792 9).
233 1761 371 1799 Longam
395 1759 476 1790 viam
501 1759 693 1799 pertransiit,

230 1807 335 1838 Maria
357 1809 478 1837 montes
502 1807 614 1837 circuit

281 1852 400 1885 Hilaris
422 1851 604 1892 laborando,

234 1900 377 1931 Honores
400 1899 510 1930 mundi
534 1898 664 1939 respuit,

232 1946 436 1978 Devotionem
459 1946 560 1976 tenuit

284 1991 408 2024 Caelica
430 1992 620 2025 meditando.

369 2074 571 2109 Responsoria.

181 2133 210 2165 1.
235 2131 340 2163 Maria
364 2139 477 2170 parens
501 2130 581 2162 filios

238 2179 393 2217 Plangens
418 2178 539 2216 quaerit
565 2178 722 2217 depositos

281 2226 320 2257 In
343 2224 463 2255 scelere
486 2225 620 2263 mortali,

239 2272 382 2304 Clamans
408 2271 530 2313 elamat,
557 2274 592 2301 ut
615 2271 742 2311 relevet,

237 2319 368 2350 Manum
392 2319 490 2359 ponit,
516 2321 550 2348 ut
574 2317 725 2353 sublevet,

284 2365 334 2397 Ne
357 2374 460 2405 poena
482 2367 573 2396 ruant
597 2364 680 2396 mali.

816 227 854 258 V.
884 225 1050 257 Elisabeth
1072 226 1264 266 quaesierat,

885 272 1057 303 Johannem
1086 272 1209 304 doctum
1235 271 1368 302 nov-erat,

933 318 983 350 De
1007 319 1074 350 vita
1094 318 1264 356 supernali.

828 404 860 433 2.
886 401 971 432 Rosa
997 402 1036 432 de
1060 400 1159 439 spinis
1181 399 1311 439 prodiit,

885 448 983 485 Virga
1010 446 1049 478 de
1073 447 1165 478 Jesse
1189 444 1305 481 floruit,

930 492 1037 524 Maria
1060 491 1209 528 visitavit,

886 539 941 570 Vis
968 539 1074 570 odoris
1103 537 1299 574 diffunditur,

885 587 966 618 Tota
993 586 1102 617 domus
1127 582 1339 623 perfunditur,

933 631 1044 663 Gratia
1068 640 1136 663 cum
1161 630 1300 663 intravit.

818 681 853 711 V.
880 679 1030 711 Miranda
1054 679 1213 715 salutatio,

885 727 941 758 Fit
963 726 1051 764 plebi
1080 725 1259 765 gratulatio,

935 769 1019 810 Quae
1045 771 1180 803 fructum
1208 769 1414 810 exspectavit.

835 859 864 890 3,
892 856 991 888 Stella
1016 856 1073 888 sub
1098 856 1182 887 nube
1206 855 1332 896 tegitur,

891 903 997 935 Maria
1021 902 1136 934 mundo
1161 902 1316 942 premitur

938 950 1083 982 Rutilans
1106 949 1141 981 in
1165 949 1344 988 splendore,

894 996 1060 1028 Elisabeth
1085 995 1271 1035 perducitur

894 1045 946 1075 Ad
971 1044 1120 1081 solamen,
1146 1043 1201 1075 lux
1225 1041 1386 1081 spargitur

940 1090 1104 1122 Roborans
1127 1089 1159 1120 in
1185 1089 1300 1128 vigore.

824 1137 862 1169 V.
893 1136 984 1168 Luna
1007 1136 1068 1168 soli
1092 1136 1300 1175 conjungitur,

895 1182 1059 1214 Elisabeth
1086 1182 1264 1213 devolvitur

941 1230 1098 1260 Aestuans
1120 1229 1155 1259 in
1179 1237 1295 1260 amore.

951 1369 996 1400 In
1023 1370 1054 1402 3.
1079 1368 1308 1399 Nocturno.

1037 1450 1230 1487 Antiphonae.

840 1521 869 1550 1.
896 1520 986 1550 Tunc
1009 1518 1050 1549 ad
1076 1526 1250 1549 sermonem
1275 1517 1405 1556 virginis

896 1564 1041 1596 Dabam
1068 1564 1181 1595 donum
1204 1562 1341 1595 flaminis

942 1611 1041 1643 Matri
1065 1611 1157 1642 simul
1184 1613 1215 1642 et
1238 1610 1332 1653 proli,

896 1659 959 1690 Hic
982 1657 1140 1696 gaudebat
1162 1658 1196 1689 in
1219 1661 1320 1696 utero,

896 1705 985 1737 Haec
1008 1704 1149 1744 providit
1174 1704 1213 1736 de
1237 1712 1335 1744 puero

945 1751 989 1784 Et
1014 1752 1053 1783 de
1077 1751 1185 1791 regina
1208 1752 1284 1789 poli.

843 1828 873 1858 2.
898 1826 999 1858 Adest
1024 1826 1105 1857 mira
1129 1826 1299 1858 credulitas

898 1873 948 1903 Ac
968 1872 1097 1912 virginis
1121 1870 1300 1904 fecunditas

949 1918 1010 1950 Per
1035 1919 1210 1958 exemplum
1228 1923 1446 1958 monstratum,

903 1965 1054 2004 Concepit
1076 1967 1164 2004 prius
1184 1967 1314 2005 sterilis,

903 2012 988 2050 Quae
1012 2021 1073 2043 vox
1098 2014 1146 2043 est.
1166 2012 1369 2052 impossibilis

949 2058 1021 2090 Nisi
1042 2067 1100 2098 per
1124 2059 1255 2090 verbum
1282 2059 1399 2092 datum.

847 2134 879 2165 3.
902 2132 957 2163 Fit
983 2136 1116 2164 naturae
1140 2134 1356 2174 propinquius,

906 2179 994 2217 Quod
1019 2180 1121 2211 sterili
1143 2179 1180 2210 fit
1203 2179 1295 2220 filius,

950 2225 1048 2263 Quam
1072 2227 1160 2267 virgo
1183 2226 1238 2259 fiat
1263 2238 1451 2270 praegnans,

907 2272 970 2304 sed
994 2272 1073 2304 nihil
1096 2273 1293 2312 impossibile
1443 2269 1448 2272 *

906 2319 975 2351 Deo
999 2328 1059 2351 nec
1081 2319 1258 2353 infactibile

954 2366 1016 2398 Per
1041 2367 1169 2398 verbum
1191 2378 1280 2400 suum
1307 2370 1441 2406 dictans
