1652 2615
653 139 906 174 *116—

151 249 158 255 ·
177 266 184 273 .
209 239 271 271 Per
296 240 348 271 iac
371 239 494 271 Mariae
517 236 657 276 virginis,

256 286 354 327 Quod,
378 286 455 317 Jesu
478 293 544 322 rex,
570 281 690 320 suxisti,

209 331 289 364 Dele
311 331 466 363 flammam
489 328 630 361 libidinis

255 379 294 410 In
318 380 425 410 nostra
449 383 543 408 carne
567 374 660 405 tristi.

176 468 183 475 .
208 442 291 474 Dum
315 441 413 480 magis
439 443 469 471 et
493 438 671 479 pastoribus

257 488 297 519 Se
322 489 413 520 Jcsus
438 485 600 523 revelavit,

210 533 271 565 Cor
294 533 425 574 virginis
450 540 518 563 oum
541 530 688 562 laudibus

255 580 343 611 Haec
366 579 463 610 verba
488 576 693 609 conservavit.

344 679 549 714 Responsoria.

178 770 186 778 .
212 745 294 778 Dum
320 746 405 784 virgo
431 744 520 776 flexis
545 743 673 784 genibus

211 792 341 824 Devotis
366 794 465 822 staret
487 790 632 831 precibus

262 838 420 877 Suspensa
444 837 693 876 contemplando,

213 885 288 917 Sine
314 886 421 917 dolore
443 884 608 924 parvulum

212 931 289 964 Mox
313 931 398 971 parit
420 931 504 962 intra
527 929 693 966 stabulum,

262 978 358 1015 Quem
381 977 467 1008 levat
489 976 671 1008 salutando:

175 1049 184 1057 .
213 1024 260 1056 Mi
284 1023 339 1064 fili,
369 1023 448 1054 bene
473 1024 590 1062 venias,

214 1071 262 1103 Mi
285 1071 344 1101 tibi
367 1069 452 1101 Deus
477 1069 604 1109 gratias,

265 1117 414 1148 Dicamus
439 1115 655 1148 collaudando.

184 1207 191 1213 .
214 1181 328 1214 Innixa
349 1188 444 1218 super
466 1179 564 1211 filium

262 1227 306 1258 Et
330 1225 461 1258 affluens
488 1226 604 1258 divitiis

308 1274 348 1305 in
372 1273 490 1303 caelum
511 1273 668 1314 exaltaris,

219 1320 266 1350 Tc
291 1320 403 1351 chorus
430 1319 508 1351 caeli
532 1319 645 1350 civium

267 1365 449 1397 Gircumdat
472 1365 561 1407 rosis,
588 1365 675 1403 liliis,

311 1412 364 1443 Sic
388 1412 475 1451 virgo
501 1412 668 1445 coronaris,

180 1482 187 1490 .
220 1458 345 1489 Cunctis
371 1459 483 1489 creatis
508 1458 693 1498 praesidens

219 1504 263 1537 Et
286 1513 403 1535 summo
428 1504 539 1536 throno
563 1505 705 1536 residens

263 1551 331 1582 Nos
354 1558 477 1590 semper
500 1551 627 1582 tuearis.

188 1641 195 1648 .
220 1615 361 1654 Festina,
387 1623 427 1646 ne
450 1616 635 1654 tardaveris,

222 1661 311 1701 Veni,
337 1670 484 1693 succurre
507 1662 639 1702 miseris,

269 1708 293 1740 O
317 1712 429 1748 potens
451 1709 647 1749 imperatrix,

221 1754 377 1796 Expugna
401 1755 484 1786 vires
508 1756 653 1799 hostium,

224 1800 273 1832 Sis
298 1802 338 1833 ad
363 1805 394 1833 te
419 1800 603 1842 fugientium

270 1847 437 1880 Servorum
460 1850 706 1888 propugnatrix·,

184 1919 191 1926 .
221 1894 282 1926 Pro
308 1894 398 1926 nobis
420 1894 453 1925 in
473 1894 593 1933 judicio

224 1940 393 1979 Responde
417 1943 470 1971 tuo
494 1940 569 1982 filio,

271 1987 295 2018 Ο
320 1987 420 2018 dulcis
445 1987 622 2021 mediatrix

311 2127 355 2158 In
384 2124 608 2157 Laudibus.

365 2207 557 2243 Antiphonae.

192 2299 199 2306 .
224 2274 365 2306 Adstans
390 2283 407 2305 a
434 2273 552 2306 dextris
576 2272 652 2314 filio,

226 2320 345 2354 Laudis
370 2321 480 2354 induta
503 2321 611 2361 pallio,

276 2368 300 2401 O
324 2368 431 2400 mundi
456 2368 617 2409 advocata,

880 234 933 265 Ad
955 232 1086 264 unitatis
1114 231 1246 271 gratiam

879 279 1097 311 Fluctuantem
1123 277 1286 307 eccl-esiam

927 324 1037 356 Reduc
1067 332 1136 354 cum
1160 329 1255 361 prece
1278 323 1378 360 grata.

846 413 853 420 .
880 389 905 420 O
932 387 1145 426 dispensatrix
1168 385 1299 426 gratiae,

880 434 1001 474 Regina
1026 432 1106 465 caeli
1131 433 1246 470 curiae,

929 480 1039 512 Velata
1063 487 1180 518 sponsa
1205 477 1272 514 Dei,

880 527 947 558 Nos
970 528 1007 556 ut
1031 526 1208 558 Johannem
1229 523 1325 556 visita

882 573 926 605 Et
949 573 1021 604 leva
1045 573 1154 603 nostra
1177 571 1282 610 capita

929 621 966 652 In
990 619 1134 659 plausum
1158 620 1287 649 sanctae
1311 616 1389 655 spei.

849 710 856 717 .
882 684 1034 717 Pretiosis
1058 683 1225 715 moniiibus

883 732 1003 764 Ornata
1026 739 1103 769 prae
1128 729 1300 767 doloribus,

928 779 990 810 Pro
1015 780 1088 808 nato
1114 785 1189 815 quos
1215 774 1325 813 tulisti,

883 825 960 865 Nos,
985 824 1085 864 virgo,
1110 822 1163 854 fac
1184 822 1326 854 recolere

884 872 926 903 Et
950 870 983 901 in
1009 871 1105 902 corde
1128 870 1292 900 revolvere

930 919 1051 950 Poenas
1076 920 1108 948 et
1130 924 1252 947 crucem
1278 913 1405 947 Christi.

852 1008 859 1014 .
885 982 931 1013 Te
954 980 1145 1013 benedicunt
1168 981 1275 1012 sidera

884 1028 929 1059 Et
949 1031 1059 1059 cuncta
1082 1028 1142 1059 Dei
1168 1035 1274 1066 opera,

933 1076 956 1107 O
986 1075 1073 1114 virgo
1096 1074 1274 1112 benedicta,

885 1121 924 1153 In
947 1124 1001 1152 tuo
1028 1122 1121 1153 datur
1143 1120 1210 1152 filio

890 1168 1048 1199 Promissa
1071 1167 1249 1199 benedictio

937 1237 1352 1249 ........

855 1304 862 1312 .
888 1278 970 1310 Dum
996 1278 1177 1309 dubitarent
1200 1277 1316 1316 singuli

886 1326 922 1357 In
948 1327 1049 1356 morte
1073 1324 1192 1357 Christi
1215 1324 1334 1363 populi,

934 1371 982 1403 Tu
1007 1370 1101 1402 fidem
1127 1370 1264 1407 tenuisti,

886 1418 972 1449 Hinc
992 1425 1125 1457 regnare
1147 1425 1205 1456 per
1230 1417 1343 1456 omnia,

887 1464 931 1496 Et
955 1465 1097 1495 coronari
1121 1464 1222 1503 gloria

936 1512 1016 1543 Prae
1043 1511 1162 1543 cunctis
1186 1510 1338 1541 meruisti.

1006 1611 1052 1637 Ad
1070 1610 1251 1639 Benedictus.

852 1702 859 1709 .
887 1676 1078 1708 Benedictus
1101 1676 1265 1714 Emanuel⁷

938 1723 997 1762 Qui
1024 1724 1164 1755 visit-avit
1188 1723 1343 1755 hominem

889 1770 933 1802 Et
955 1770 1202 1810 redemptionem
1226 1771 1327 1802 Israel

939 1817 999 1848 Per
1023 1817 1202 1849 visitantem
1226 1817 1378 1856 virginem

892 1864 1055 1895 intimavit
1080 1863 1288 1903 praecursori,

941 1909 1016 1942 Cum
1043 1911 1145 1942 salute
1168 1910 1279 1941 humili

891 1956 985 1988 Unde
1008 1956 1118 1988 laudes
1142 1957 1292 1988 salvatori

941 2002 1123 2034 Clamantur
1148 2012 1168 2036 a
1190 2003 1301 2037 sterili,

963 2161 1008 2193 In
1034 2162 1065 2192 2.
1093 2160 1305 2200 Vesperis.

1012 2253 1057 2280 Ad
1075 2253 1252 2288 Magnificat.

827 2321 866 2354 A.
897 2321 920 2352 O
943 2320 1051 2360 virago
1075 2321 1251 2363 perinclita‚

942 2368 992 2399 De
1009 2377 1072 2407 qua
1083 2368 1133 2401 vir
1148 2378 1284 2403 summus
1297 2375 1440 2416 sumitur,
