1652 2615
172 164 202 195 2.
229 162 278 195 De
302 165 425 218 coronis
456 167 551 199 exodi
840 173 871 206 4.
898 172 1094 215 Sacerdotes,
1120 174 1277 207 sacerdoti

261 210 414 264 ‘Mystice
438 220 597 265 canamus,
945 219 1070 253 Summo
1095 220 1272 254 benedicite

229 257 322 290 Vlam
346 261 447 312 nostr]
474 262 628 294 commodi
894 267 939 299 Et
962 276 1096 300 coronae
1120 277 1229 300 sacrae
1254 268 1321 300 doti

275 304 413 345 Tropice
436 315 621 349 pangamus,
944 314 1004 346 Vos
1029 314 1182 347 haeredes
1204 315 1339 348 subdite.

229 350 366 389 Quorum
393 353 435 384 sit
459 356 611 387 memoria

226 398 290 430 Pro
321 407 454 432 coronae
479 401 590 441 gloria.

158 444 196 476 V.
228 444 321 477 Nova
349 447 402 477 lex
426 448 637 489 praejudicat,

275 492 484 525 Transierunt
507 498 626 536 vetera,

226 537 364 579 Spiritus
389 539 538 581 vivificat,
893 528 976 560 Dum
1000 530 1150 562 honorem
1177 531 1232 562 das
1258 540 1401 573 coronae,

276 585 340 617 Sed
365 586 483 619 occidit
507 588 611 622 litera.
889 575 957 607 Fac
982 585 1020 608 ex
1045 578 1099 608 sua
1122 578 1269 616 paSSione

939 622 1005 655 Nos
1029 624 1164 656 adversa
1188 624 1323 656 vincere.

837 389 867 420 5.
894 389 941 420 Te
964 389 1137 427 laudamus,
1164 390 1241 422 Jesu
1264 390 1358 432 bone,

892 436 950 474 Qui
976 438 1132 468 certantes
1156 437 1189 468 in
1214 445 1314 477 agone

942 481 1108 515 Conforfas
1133 491 1171 515 ex
1196 492 1333 523 munere,

168 643 200 674 3.
226 640 260 673 Si
284 642 439 674 virtutum
464 644 581 684 gradus
605 645 660 677 isti

224 688 271 720 Te
295 689 476 731 sustollunt,
502 691 594 723 miles
619 691 746 731 Christi,
1023 715 1068 743 Ad
1088 716 1260 744 Benedictus

270 736 317 767 Te
340 736 516 776 prudenter
540 739 698 782 provehis,
1263 736 1269 742 '

218 782 283 814 Cor
306 781 411 823 fidele,
438 784 577 824 gaudeas
829 780 869 812 A.
934 780 1447 823 Tu,Ohnstefflostrumgaudium,

220 828 266 861 Et
289 830 472 869 praemissis
496 833 624 864 studeas
902 828 1022 860 Adesto
1045 828 1162 861 nostris
1186 830 1344 871 precibus,

267 877 419 909 Coronari
443 878 573 910 lanceis,
900 875 958 913 Qui
985 883 1052 906 cum
1077 879 1255 907 sanctorum
1280 876 1407 909 milibus

149 924 188 955 V.
217 924 345 964 Arcam,
370 932 511 956 mensam
537 929 569 957 et
592 926 694 958 altare
948 921 1084 954 Veniens
1109 922 1151 953 ad
1173 923 1325 961 judicium

219 969 326 1002 Debes
351 971 384 1002 in
409 973 443 1001 te
468 972 637 1011 deportare
898 968 1077 1008 Apparebis
1102 969 1135 1000 in
1159 969 1294 1001 nubibus

267 1017 344 1049 Cum
370 1019 493 1050 coronis
518 1019 632 1051 aureis.
898 1015 1040 1047 Coronae
1066 1016 1237 1047 cultoribus

945 1063 1201 1095 Coronandorum
1228 1063 1410 1102 praemium.

307 1111 322 1142 I
332 1120 353 1142 n
377 1110 405 1142 L
414 1119 433 1141 a
440 1120 462 1142 u
472 1111 512 1143 di
522 1110 542 1142 b
552 1121 573 1143 u
581 1120 606 1143 s.

361 1185 555 1221 Antiphonae.
960 1203 1006 1234 In
1031 1203 1063 1236 2.
1090 1203 1304 1242 vesperis.

154 1245 169 1276 1
177 1268 185 1275 .
211 1242 311 1283 Spina
334 1251 476 1282 pungens
501 1243 653 1283 acumine,

256 1289 340 1321 Dum
347 1299 420 1321 carn
424 1298 472 1321 em
478 1290 597 1322 Christi
604 1290 757 1332 perforat,
1008 1285 1054 1313 Ast
1072 1286 1249 1322 Magnificat.

209 1335 294 1388 Ejus·
313 1345 370 1368 nos
394 1336 478 1377 rigat
502 1338 654 1377 sanguine
819 1354 859 1385 A.
892 1353 916 1385 Ο
935 1362 991 1385 rex
1019 1353 1213 1392 clementiae,

255 1383 359 1422 Eique
382 1392 439 1414 nos
462 1384 654 1423 incorporat.
936 1398 1082 1432 Salvator
1106 1400 1254 1438 omnium,

140 1442 171 1473 2·
197 1438 316 1492 spinae.
338 1448 418 1479 quae
442 1443 621 1480 pupugerat
890 1446 964 1478 Sola
988 1455 1061 1486 spes
1088 1447 1197 1478 veniae

246 1487 272 1519 P
273 1489 422 1518 &lentem
448 1486 628 1530 Dominum,
933 1494 1010 1527 Post
1034 1493 1156 1533 lapsum
1182 1493 1356 1534 criminum,

197 1531 401 1565 poenitentes
425 1533 543 1565 libel-'at
888 1540 1059 1573 Preoamur
1083 1540 1179 1572 hodie

243 1581 273 1612 A
297 1583 454 1619 punctura
477 1581 652 1615 criminum.
935 1587 982 1619 Te
1005 1590 1148 1619 sanctum
1173 1587 1352 1624 Dominum¹

137 1637 168 1669 3.
195 1636 292 1676 Regis
317 1637 503 1677 patientiam
888 1634 972 1666 Huic
999 1635 1040 1666 da
1060 1634 1200 1666 familiae

243 1683 339 1715 Miles
364 1683 515 1722 imitetur,
933 1681 1075 1714 Palmam
1104 1681 1318 1720 certaminum,

194 1729 241 1761 Ut
264 1738 323 1769 per
347 1730 574 1769 poenitentiam
886 1727 1040 1760 Coronam
1064 1727 1183 1769 gloriae

244 1776 350 1816 Spinis
376 1779 553 1809 coronetur.
934 1775 1012 1808 Post
1036 1776 1119 1807 vitae
1144 1775 1320 1806 terminum.

209 1832 292 1860 Brev.
323 1831 544 1860 Carmelitarum
571 1833 641 1867 imp.
660 1832 793 1860 Venetiis
822 1828 902 1859 1579.
922 1845 960 1850 —-
984 1831 1056 1858 Dies
1082 1828 1216 1858 Officium
1241 1829 1352 1858 enthfflt
1376 1830 1435 1857 fast

131 1879 187 1898 nur
205 1870 295 1905 Teile,
324 1870 371 1897 die
390 1870 620 1898 verschiedenen
642 1869 769 1897 anderen
792 1869 913 1896 Officien
934 1870 1118 1896 entnommen
1137 1868 1216 1900 sind,
1242 1869 1282 1895 ist
1303 1868 1365 1896 also
1387 1870 1434 1895 ein

132 1908 233 1936 Cento.
270 1923 309 1928 -—
339 1909 381 1936 In
412 1906 436 1935 1.
464 1908 563 1936 Noet.
595 1905 618 1934 Α
650 1906 680 1941 1,
709 1905 728 1935 3
754 1906 936 1935 extollamus.
963 1921 1001 1926 --
1026 1904 1047 1933 R
1077 1904 1105 1939 1,
1133 1904 1147 1933 1
1174 1908 1268 1942 surgit
1292 1905 1372 1934 fehlt.
1396 1920 1433 1924 —

129 1947 172 1974 In
190 1946 301 1974 Laud.
327 1945 349 1973 Α
370 1944 403 1980 3,
423 1945 443 1974 4
471 1945 571 1981 Spinis
595 1945 675 1973 fehlt.
701 1960 738 1965 -—·
766 1944 788 1972 Α
809 1943 844 1980 4,
865 1943 882 1973 3
907 1944 1059 1972 sacerdoti.
1088 1959 1126 1963 —
1149 1945 1192 1971 In
1211 1941 1237 1970 2.
1258 1945 1364 1980 Vesp.
1393 1944 1430 1971 ad

129 1985 228 2021 Magn.
250 1983 282 2018 Α,
302 1982 320 2010 2
341 1985 470 2012 omnium
488 1983 570 2011 fehlt.

591 2045 627 2078 11.
655 2046 699 2078 De
719 2046 888 2088 Sepulchro
909 2046 967 2077 DN.

269 2100 315 2132 In
342 2099 374 2132 1.
401 2099 508 2138 Vesp
518 2098 614 2130 eris.
868 2097 925 2136 Qui
950 2097 1009 2150 sub
1034 2096 1144 2137 lapide
1164 2097 1274 2149 jacuit,

340 2174 536 2209 Antiphonae.
868 2145 1010 2224 Sessllgzll
1029 2144 1310 2231 1niglgiilimolllzltlriloris

126 2242 158 2274 1.
184 2241 315 2274 Sedenti
339 2249 435 2281 super
461 2240 640 2279 Cherubim,
808 2241 839 2273 2.
867 2240 979 2279 Coepit
1003 2238 1042 2270 ab
1067 2239 1129 2270 hoc
1153 2216 1320 2277 ergastulo·

186 2289 249 2321 Sub
288 2297 349 2328 quo
374 2291 407 2320 et
430 2288 546 2321 ardent
570 2287 747 2330 Seraphim,
864 2288 1042 2326 Resurgere
1064 2285 1201 2317 diluculo

233 2336 282 2368 Sit
305 2336 375 2368 laus
400 2336 506 2368 cordis
532 2338 564 2367 et
588 2336 661 2374 oris,
911 2332 1078 2366 Terribilis
1103 2333 1133 2363 et
1158 2331 1261 2368 fortis,
