1652 2615
725 130 772 134 —'‘
822 130 888 145 ,1.υο
938 130 983 134 -“

268 204 381 244 Magos
406 204 447 237 ad
472 213 628 244 praesepe
653 205 753 245 duxit,

273 251 351 284 Cum
377 251 490 291 quibus
515 252 644 292 gaudes,
671 252 784 288 Maria.

239 332 246 339 .
274 307 433 339 Gaudium
460 306 603 339 Christus
629 309 735 340 attulit

270 354 421 386 Barathri
448 354 586 386 claustra
610 356 784 395 rumpendo

271 401 431 439 Patribus,
458 410 535 440 quos
562 410 669 434 carcer
694 403 805 446 vinxit,

270 448 338 480 Hos
363 458 383 480 a
406 451 509 480 morte
533 449 728 482 redimendo.

231 520 239 528 .
269 495 375 528 Maria
399 499 475 528 tunc
500 497 677 537 exsultavit,

270 543 351 582 Quia
377 544 482 576 vivum
509 542 668 575 Christum
691 544 782 586 vidit,

268 590 299 621 A
323 593 426 621 morte
452 590 526 621 dum
549 591 733 630 resurrexit,

267 637 327 676 Qui
353 636 454 677 captis
480 645 572 676 opem
596 638 753 677 praebuit.

233 716 241 725 .
270 692 395 725 Gaudia
419 701 532 732 magna

315 749 372 772 nos
396 740 519 780 pellunt
543 749 690 779 promere

267 787 394 820 Laudes
421 786 556 828 Christo,

316 835 357 866 ad
383 833 496 866 solium
520 834 640 874 gloriae

267 881 327 920 Qui
351 881 485 919 scandit,

267 928 393 960 Mariae
416 928 478 960 iter
502 929 626 967 pandit.

269 975 415 1016 Gaudes,
462 975 585 1017 Mater,
636 975 676 1006 dc
717 976 823 1014 palma

593 1022 756 1054 victoriae.

230 1097 236 1104 .
265 1070 420 1102 Laetetur
444 1077 499 1100 cor
523 1071 620 1109 tuum,

318 1117 405 1157 virgo
430 1115 528 1156 regia,

268 1163 351 1195 Nam
375 1166 447 1195 tuus
472 1164 564 1195 natus

317 1209 514 1242 transcendit
538 1209 675 1243 aethera.

327 1333 373 1364 In
399 1334 430 1366 3.
456 1331 684 1363 Nocturno.

406 1405 602 1441 Antiphonae.

231 1491 237 1498 .
265 1464 387 1504 Gaude,
413 1463 528 1504 Maria,

309 1512 475 1551 Templum
484 1512 690 1550 summaomaj
695 1512 812 1554 est-atis,

263 1559 343 1598 Quia
367 1568 400 1590 es
425 1558 587 1597 speculum

309 1606 468 1639 Pulchrae
493 1604 694 1645 virginitatis.

227 1688 236 1697 .
264 1662 393 1703 Gaude,
458 1661 581 1701 Maria,
643 1670 717 1692 rosa
776 1662 816 1694 de

589 1708 610 1740 J
612 1708 728 1748 ericho,

262 1757 342 1796 Quia
370 1760 405 1788 tu
428 1755 577 1795 placuisti
601 1755 765 1796 altissimo,

262 1805 326 1837 Ora
350 1813 409 1844 pro
434 1805 488 1835 tuo
515 1803 629 1835 devoto
652 1803 779 1842 populo.

228 1889 234 1896 .
263 1861 384 1904 Gaude,
411 1860 527 1900 Maria,
552 1860 607 1892 lux
632 1860 762 1901 gloriae,

261 1909 342 1942 Nam
371 1910 426 1942 das
444 1910 661 1940 ornamentum
679 1908 810 1947 gratiae.

394 1984 601 2018 Responsoria.

222 2070 229 2078 .
258 2043 377 2085 Gaude,
409 2042 497 2082 virgo
522 2041 637 2081 Maria,

258 2091 394 2124 Cunctas
419 2090 565 2123 haereses
589 2089 789 2130 interemisti,

256 2139 342 2178 Quae
367 2137 526 2171 Gabrielis
551 2137 733 2178 archangeli

254 2186 357 2218 Dictis
384 2184 550 2218 credidisti

253 2234 299 2265 Et
321 2236 395 2273 post
415 2234 543 2273 partum
567 2232 656 2271 virgo

256 2281 414 2313 Inviolata
436 2279 649 2319 permansisti.

216 2353 223 2360 .
255 2327 436 2360 Gabrielem
460 2326 684 2367 archangelum

257 2376 304 2408 Te
330 2375 486 2408 credimus
513 2383 582 2407 esse
606 2373 742 2417 affatum,

954 206 1085 239 Uterum
1098 206 1185 235 tuum
1205 203 1244 235 de
1261 204 1376 244 spiritu
1393 206 1502 235 sancto

956 253 1119 287 Credimus
1147 251 1416 291 impraegnatum3

954 300 1130 332 Erubescat
1154 297 1293 330 Judaeus
1316 297 1438 338 infelix,

955 347 1014 386 Qui
1040 346 1119 379 dixit
1145 345 1303 377 Christum
1329 354 1367 378 ex
1383 346 1504 385 Yloseph

1002 394 1120 426 semine
1145 401 1213 424 esse
1237 395 1353 424 natum.

923 487 929 493 .
957 460 1078 500 Gaude,
1105 459 1190 489 clara
1213 458 1275 489 Dei
1298 459 1479 499 margarita,

953 507 1091 539 Pulchra
1114 505 1255 546 basilica,

954 554 1098 592 Laetare,
1126 553 1213 592 virgo
1237 552 1351 594 Maria,

953 601 1002 632 Tu
1028 609 1060 632 es
1086 600 1242 631 caelorum
1269 599 1411 642 domina3

952 647 998 678 Te
1023 647 1104 679 enim
1128 646 1260 677 laudare
1284 646 1345 677 rite

951 694 1069 734 Nequit
1090 693 1189 725 omnis
1212 695 1366 733 creatura,

951 741 1033 772 Nam
1056 740 1190 780 praebes
1216 742 1372 771 auctorem
1396 740 1481 772 vitae

950 788 995 819 Et
1017 787 1224 819 fabricantem
1250 787 1362 819 omnia.

911 861 918 868 .
948 834 1015 866 Fae
1038 844 1106 873 nos,
1132 834 1221 873 virgo

997 882 1098 914 duleis
1123 883 1154 912 et
1179 881 1304 923 decora,

953 928 1100 960 Gaudere
1123 931 1226 960 tecum

996 976 1029 1007 in
1053 975 1164 1007 mortis
1185 975 1273 1007 hora.

917 1066 924 1073 .
952 1040 1100 1073 Gaudent
1124 1040 1211 1072 chori
1235 1040 1427 1080 angelorum,

948 1088 998 1119 Ac
1024 1088 1155 1120 virtutes
1183 1087 1340 1118 caelorum

949 1135 1085 1167 Student
1107 1133 1166 1164 tibi
1191 1142 1340 1165 resonare

947 1181 1050 1212 Melos
1078 1180 1179 1219 dulce,
1204 1181 1307 1211 mulce
1330 1189 1428 1220 gnare

946 1228 1063 1259 Natum
1089 1231 1186 1264 tuum,
1214 1236 1231 1258 o
1256 1227 1370 1266 Maria,

947 1275 1006 1313 Qui
1029 1277 1163 1306 matrem
1188 1283 1284 1313 super
1308 1274 1415 1306 sidera

945 1322 992 1353 Te
1016 1321 1184 1353 collocavit
1208 1321 1330 1363 omnia3

945 1369 1011 1400 Nos
1035 1378 1054 1400 a
1077 1376 1155 1400 nece
1178 1370 1233 1399 tua
1256 1376 1353 1407 prece

947 1416 1051 1456 Salva,
1078 1415 1228 1454 Alleluja.

904 1488 911 1495 .
943 1462 1089 1495 Gaudeat
1112 1462 1206 1494 turba
1231 1462 1427 1502 clericorum,

945 1510 1033 1549 Quod
1059 1511 1215 1542 advocata
1239 1509 1452 1548 orphanorum

943 1557 1045 1596 Super
1070 1557 1194 1597 agmina
1218 1557 1400 1597 angelorum

942 1604 1001 1636 Est
1028 1613 1097 1636 cum
1118 1603 1220 1643 jubilo

942 1652 1119 1691 Fluvioque
1143 1651 1316 1690 gratiarum

944 1698 1080 1731 Pulchre
1103 1698 1217 1731 locata.

1033 1822 1047 1853 Ι
1057 1831 1079 1853 n
1102 1820 1131 1852 L
1140 1830 1158 1852 a
1168 1830 1189 1851 u
1201 1821 1220 1852 d
1230 1821 1241 1851 i
1250 1820 1270 1851 b
1279 1830 1300 1851 u
1310 1829 1336 1852 s.

1086 1895 1280 1931 Antiphonae.

906 1981 913 1989 .
942 1955 1100 1987 Gaudium
1125 1953 1194 1993 tibi,
1218 1953 1333 1996 Maria,

939 2003 1025 2043 Fuit,
1052 2002 1177 2043 quando
1201 2003 1307 2033 mente
1330 2002 1385 2041 pia

938 2049 1139 2091 Archangelo
1166 2049 1341 2082 credidisti.

903 2146 909 2151 .
938 2117 1058 2157 Gaude,
1085 2116 1229 2157 genetrix
1251 2115 1366 2156 fidelis,

936 2165 1064 2208 Natum,
1091 2164 1143 2204 qui
1168 2163 1255 2196 venit
1279 2163 1318 2195 de
1348 2164 1442 2195 caelia

935 2212 1032 2253 Virgo
1063 2212 1147 2252 quod
1172 2213 1206 2242 tu
1230 2211 1394 2251 peperisti.

903 2306 909 2313 .
937 2279 1061 2311 Gaudio
1082 2277 1171 2310 fuisti
1196 2278 1314 2317 gavisa,

937 2326 1068 2365 Quando
1093 2325 1246 2365 perduxit
1269 2324 1363 2356 stella
1389 2325 1457 2357 visa

935 2374 1048 2415 Magos
1073 2372 1115 2405 ad
1140 2371 1310 2411 Christum,
1337 2381 1355 2404 ο
1372 2372 1488 2406 Maria.

1264 2425 1321 2457 11*
