1652 2615
688 141 944 178 —211—

178 247 210 277 2.
237 247 324 277 Voce
347 254 430 284 pura
455 249 680 286 concrepantes

284 294 461 331 martyrum
485 293 633 334 prodigia

234 338 410 381 Imitemur,
439 340 514 372 dum
538 341 590 372 hic
613 349 730 382 sumus,

283 393 390 417 eorum
414 388 558 430 vestigia,

233 433 280 466 Ut
303 435 377 472 post
400 434 486 466 vitae
509 433 600 466 nobis
626 443 751 466 cursum

282 480 364 511 caeli
390 481 504 513 dentur
526 481 678 521 praemia.

177 537 209 569 3.
235 535 289 568 Ad
317 539 503 569 conventum
528 538 561 569 in
586 541 766 570 sanctorum

281 591 489 622 properemus
513 584 671 624 laudibus,

235 630 295 669 Qui
315 638 385 661 cum
404 630 528 663 Christo
546 633 620 663 sunt
635 631 669 662 in
687 632 784 673 caelo,

283 677 335 707 hie
358 675 473 709 florent
497 678 677 718 virtutibus,

234 724 372 763 Quorum
396 733 523 764 semper
549 723 757 757 defendamur

282 779 320 802 ac
344 780 490 811 regamur
514 771 671 812 precibus.

181 828 214 860 4.
240 827 370 859 Festum
395 828 517 860 instans
544 828 739 860 celebrantes

283 874 437 907 laetemur
460 876 493 907 in
517 875 663 917 Domino,

236 921 295 960 Qui
319 925 503 961 praesentes
528 922 704 961 baptizavit

281 969 442 1008 sanguinis
463 969 615 1008 martyrio

235 1015 278 1047 Et
303 1015 474 1047 clementer
499 1016 650 1048 liberavit

281 1062 393 1093 mortis
423 1072 442 1094 a
468 1062 614 1095 dominio.

178 1122 209 1152 5.
238 1118 348 1151 Clerus
373 1119 500 1161 psallat,
532 1118 628 1158 Troja
652 1119 786 1158 plaudat

281 1166 405 1205 plectro
430 1168 524 1206 atque
550 1165 681 1205 eithara,

231 1212 426 1244 Musicorum
451 1222 502 1244 ars
529 1214 688 1244 cantorum

279 1267 372 1290 voces
396 1260 482 1291 levet
506 1260 547 1291 ad
572 1259 711 1298 aethera,

234 1306 354 1339 Chorus
378 1306 491 1346 laetus,
517 1305 605 1338 miris
631 1304 741 1346 fretus,

280 1352 385 1386 Deum
409 1354 520 1385 laudet
543 1354 574 1384 in
601 1354 736 1386 saecula.

298 1485 359 1516 Ad
383 1484 645 1518 Matutinum.

361 1559 472 1586 xnvitat
474 1560 567 1587 orium
571 1579 576 1585 .

234 1617 411 1650 Invitantes
436 1617 563 1657 plebem
587 1616 706 1649 Christi

279 1664 312 1696 in
337 1666 517 1696 sanctorum
542 1664 689 1696 laudibus

233 1712 437 1744 Exsultemus
461 1714 493 1742 et
516 1711 689 1751 psallamus

278 1758 346 1790 veri
371 1758 476 1790 cordis
501 1758 641 1800 vocibus,

232 1807 278 1840 Ut
302 1814 441 1844 superna
465 1814 643 1838 mereamur

279 1853 374 1885 simul
400 1853 512 1885 horum
536 1852 695 1893 precibus

342 1977 403 2008 Ad
429 1976 610 2008 Laudes.

371 2051 567 2088 Antiphonae.

175 2111 205 2143 1.
233 2111 405 2144 Recolatur
429 2112 535 2142 mente
559 2109 614 2149 pia

274 2160 455 2191 sanctorum
479 2158 654 2198 provectio,

852 1103 884 1134 4.

918 239 963 271 Ut
988 237 1027 270 ab
1052 238 1141 269 hoste
1166 244 1222 267 nos
1249 233 1401 266 defendat

966 293 1072 317 eorum
1097 283 1252 323 protectio

919 332 964 363 Et
991 332 1119 363 excuset
1141 332 1215 362 ante
1237 329 1349 370 Deum,

960 388 1036 419 quos
1063 379 1189 410 accusat
1221 376 1313 410 actio.

909 464 1102 504 Angelorum
1126 470 1183 493 rex
1208 463 1397 500 sanctorum,

961 518 1086 550 semper
1110 509 1169 540 tibi
1194 508 1303 550 gloria,

916 557 974 596 Qui
998 566 1055 588 nos
1080 559 1170 588 tanta
1194 554 1369 587 sublimasti

960 613 1064 635 annua
1085 602 1245 644 memoria,

912 651 965 683 Da
988 650 1142 690 pugnanti
1168 657 1237 680 cum
1262 649 1407 689 dracone,

959 696 1109 737 fungatur
1133 696 1275 730 victoria.

878 804 885 811 .
914 781 1112 814 Gaudeamus
1138 781 1331 813 exsultantes

962 837 1030 860 cum
1054 830 1121 860 tota
1147 828 1291 868 eeclesia,

913 876 1079 908 Illustrata
1102 875 1198 906 tantis
1223 875 1320 916 signis

957 923 1094 964 gaudeat
1115 921 1235 960 Apulia

910 969 954 1001 Et
979 970 1092 1001 devote
1117 968 1213 1000 corde
1236 978 1316 1008 puro

959 1015 1100 1047 celebret
1122 1015 1202 1046 haec
1225 1016 1348 1055 gaudia.

911 1100 987 1132 Veri
1013 1099 1129 1132 Christi
1154 1101 1347 1142 sacerdotes,

957 1147 1060 1178 Deum
1084 1146 1262 1178 benedicite

909 1194 954 1226 Et
977 1194 1019 1226 ad
1044 1192 1127 1225 festa
1151 1196 1348 1226 recurrentes

956 1240 1075 1272 orando
1100 1240 1258 1280 respicite,

910 1288 956 1321 Ut
980 1293 1132 1327 purgetur
1158 1287 1198 1319 ab
1223 1287 1274 1319 his
1298 1296 1382 1328 caro,

960 1335 1045 1374 Quae
1068 1334 1145 1367 fecit
1169 1334 1290 1368 illicite.

910 1419 1056 1451 Laudent
1080 1417 1183 1450 Deum
1207 1419 1239 1449 in
1266 1420 1397 1451 excelsis

958 1466 1051 1505 pueri
1076 1467 1108 1497 et
1131 1465 1280 1508 virgines,

911 1513 1059 1546 Laudent
1082 1520 1183 1554 seneS,
1206 1513 1338 1546 laudent
1354 1522 1460 1546 omnes

958 1561 1076 1592 viduae
1100 1561 1130 1590 et
1154 1560 1304 1600 virgines,

913 1609 1047 1641 Pulsans
1080 1607 1200 1647 psallat
1224 1609 1336 1640 chorus
1362 1609 1461 1640 omnis

959 1653 1118 1694 tympanis
1147 1656 1179 1684 et
1204 1655 1367 1693 cymbalis,

1023 1757 1069 1784 Ad
1091 1756 1274 1784 Benedictus.

910 1826 1043 1858 Praesul
1068 1824 1186 1858 Christi
1210 1824 1387 1867 Eleutheri,

959 1882 1028 1904 cum
1053 1872 1115 1904 tuis
1138 1872 1300 1904 sodalibus

913 1921 994 1954 Oves
1014 1920 1075 1952 tibi
1102 1919 1300 1960 consignatas

957 1968 1020 1999 tuis
1045 1975 1120 2008 rege
1143 1966 1302 2008 precibus,

911 2015 960 2047 Nc
983 2018 1135 2055 vagantes
1158 2023 1217 2054 per
1241 2015 1400 2048 mundana

956 2063 1024 2103 lupi
1051 2064 1164 2095 dentur
1188 2063 1353 2103 morsibus,

913 2110 976 2143 Sed
1003 2119 1100 2142 exora
1122 2110 1314 2143 intercessor

959 2167 1018 2198 pro
1043 2159 1106 2190 tuis
1131 2156 1289 2190 fidelibus.

231 2253 316 2280 Brev.
337 2260 390 2279 ms.
410 2252 570 2288 Trojanum
593 2260 668 2280 saec.
686 2250 729 2280 15.
763 2253 832 2281 Cod.
847 2252 1034 2288 Neapolitan.
1049 2253 1091 2280 VI
1109 2251 1135 2279 Ε
1150 2249 1193 2279 16.
1207 2265 1244 2269 —-
1257 2251 1300 2278 In
1316 2248 1340 2278 1.
1354 2250 1460 2286 Vosp.

154 2288 177 2316 Α
198 2288 224 2322 5,
248 2288 263 2317 1
285 2289 390 2317 Coetus
410 2291 527 2326 psallat.
549 2306 586 2311 --
607 2288 629 2316 Α
651 2288 677 2323 5,
698 2288 718 2318 4
736 2291 825 2319 leves.
847 2304 884 2308 —
904 2289 990 2318 Iuvit.
1012 2288 1029 2318 3
1050 2289 1217 2326 psallemus.
1233 2303 1269 2307 —
1283 2289 1324 2316 In
1344 2289 1422 2316 Lau
1432 2288 1459 2315 d.

154 2326 177 2354 Α
206 2325 238 2361 2,
265 2326 282 2355 6
308 2327 440 2364 fugatum
464 2329 519 2356 lies
545 2328 684 2364 fungatur
715 2329 784 2357 oder
811 2330 933 2357 fruatur.
959 2343 995 2346 —
1023 2326 1045 2354 Α
1072 2325 1102 2360 3,
1126 2325 1142 2354 6
1167 2327 1303 2354 celebrat.
1330 2340 1367 2345 —
1394 2325 1460 2353 Alle

154 2367 281 2403 iibrigeii
292 2365 375 2393 Teile
394 2366 445 2394 des
459 2366 610 2394 Offieiums
630 2366 697 2393 sind
711 2367 879 2403 prosaisch3
899 2366 956 2396 den
968 2367 1104 2401 Hymnus
1118 2364 1200 2392 siehe
1213 2364 1297 2391 Anat.
1309 2364 1404 2399 XXII,
1415 2362 1462 2392 90.

1234 2409 1291 2439 14*
