1652 2615
696 138 925 175 ..ὅθ-.-

179 240 209 270 4.
235 237 317 270 Dum
342 237 479 270 surrexit

281 285 334 317 Ad
357 287 489 316 matrem
512 284 648 324 rediens,

237 331 363 363 Sursum
390 331 475 363 vexit

284 379 324 410 Se
348 377 441 408 coelis
461 375 609 414 inferens,

234 424 408 455 inardescit

279 471 356 502 Post
377 469 497 509 prolem
524 468 666 508 diligens,

201 552 207 558 .
232 525 292 556 Est
315 528 475 563 assumpta

277 571 383 603 Mater
406 579 425 601 a
448 569 512 601 filio

232 617 332 658 Super
357 620 470 649 cuncta

275 664 392 696 Locata
417 664 504 705 solio,

232 710 330 743 Nobis
351 712 461 750 juncta

277 758 373 789 Adsit
397 757 516 788 exsilio.

195 838 203 844 .
231 812 428 844 Oonfidentes

275 859 323 890 De
354 860 434 891 dono
459 860 589 898 gratiae,

230 905 416 946 Colligentes

273 952 371 983 Festa
393 952 543 991 laetitiae,

228 999 431 1030 Exsultantes

276 1045 428 1077 Canamus
452 1045 579 1084 gloriae.

324 1156 400 1188 Die
424 1155 610 1187 Sabbati.

349 1221 393 1247 Ad
412 1218 587 1254 Magnificat.

187 1303 194 1310 .
224 1277 314 1308 Nivis
340 1277 467 1309 candori
491 1277 601 1307 similis

274 1323 467 1363 virginitatis
492 1324 616 1365 merito,

227 1369 369 1401 Concede
397 1369 458 1400 tuis
483 1368 608 1401 famulis

269 1418 406 1448 Aeterno
437 1414 500 1446 frui
523 1417 672 1455 praemio.

184 1496 192 1503 .
222 1472 310 1503 Novo
335 1473 415 1504 nivis
439 1472 589 1504 miraculo

268 1518 390 1550 Novum
407 1519 557 1557 templum
574 1520 764 1551 construitur

314 1565 410 1597 Matri
436 1565 633 1605 virginitatis,

222 1611 337 1651 Stupor
362 1611 475 1643 crescit
497 1611 529 1642 in
555 1613 680 1652 populo,

267 1658 348 1689 Dum
370 1659 452 1689 inter
476 1661 580 1689 aestus
606 1660 743 1691 cernitur

312 1705 420 1736 Jocale
444 1705 601 1738 novitatis.

182 1778 187 1783 .
218 1751 331 1783 Munus
358 1751 501 1782 candoris
526 1752 610 1784 nivei

218 1798 354 1829 Pudon‘s
378 1798 510 1837 virginei

265 1844 390 1884 Signum
417 1845 457 1875 de
481 1845 567 1876 coelo
592 1845 694 1877 datur.

387 1929 479 1955 Prosa
499 1926 523 1954 1.

182 2007 192 2018 .
217 1984 294 2023 Ave,
320 1985 414 2016 maris
439 1985 541 2024 stella,

215 2030 320 2061 Mater
342 2034 374 2061 et
397 2031 511 2070 puella,

262 2077 356 2116 Regis
381 2086 486 2116 regum

215 2122 344 2154 Sumens
367 2123 447 2155 illud
471 2124 549 2161 Ave,

213 2170 400 2202 Parentibus
427 2168 506 2209 fave⁷

258 2217 318 2248 Via
341 2218 453 2256 legum.

179 2299 186 2305 .
214 2273 308 2305 Solve
330 2274 434 2304 vincla
457 2273 529 2315 reis,

213 2319 357 2351 Solamen
384 2321 461 2352 dans
487 2320 531 2351 eis

258 2367 296 2399 In
319 2367 379 2398 hoc
402 2376 489 2408 gyro,

905 237 1004 276 Virgo
1029 238 1205 279 singularis,

904 283 1023 316 Parens
1054 287 1177 324 patrem
1197 286 1285 324 paris

951 331 1081 370 Absque
1105 332 1183 364 viro.

870 428 877 434 .
905 404 1008 435 Vitam
1032 409 1160 444 praesta
1183 414 1306 444 puram,

903 450 947 481 Ut
970 451 1011 482 ad
1036 459 1125 490 spem
1149 449 1285 481 futuram

948 497 1042 529 Plebs
1069 497 1211 534 ducatur,

902 542 951 574 Sit
973 544 1041 574 laus
1066 542 1133 575 Deo
1158 543 1243 582 patri

901 589 945 621 Et
968 590 1036 622 laus
1061 598 1137 622 suae
1160 591 1253 621 matri

946 637 1125 669 Recolatur.

1052 767 1144 795 Prosa
1162 764 1188 793 2.

865 869 872 876 .
899 843 989 875 Novo
1014 843 1179 883 privilegio

897 890 1038 921 Romana
1062 898 1145 921 nunc
1170 891 1276 921 concio

897 936 987 967 Nivis
1013 937 1069 968 sub
1096 936 1213 968 indicio

943 983 1129 1021 Decoratur,

897 1029 1006 1060 Monte
1034 1037 1129 1069 super
1153 1029 1244 1068 hagio

895 1076 1092 1107 Admiranda
1117 1076 1195 1107 visio

894 1121 957 1152 Sub
982 1131 1066 1162 papa
1086 1121 1213 1153 Liberio

938 1168 1188 1202 Demonstratur.

861 1265 867 1271 .
894 1242 1076 1274 Praefectus
1101 1252 1167 1273 sum
1193 1244 1278 1275 socia

892 1289 974 1332 Tibi,
999 1290 1088 1329 virgo
1113 1290 1210 1329 regia,

893 1335 934 1366 Se
958 1339 990 1366 et
1013 1345 1068 1367 sua
1092 1336 1196 1367 omnia

940 1382 1151 1422 Devovemnt,

892 1429 953 1460 Per
977 1430 1058 1460 nivis
1082 1429 1199 1460 indicia

891 1475 982 1507 Nova
1010 1474 1047 1506 fit
1070 1475 1212 1513 ecclesia,

889 1522 986 1561 Quam
1010 1521 1130 1554 fabrice
1153 1523 1242 1554 varia

937 1568 1187 1608 Compleverunt.

855 1668 862 1675 .
885 1643 1138 1677 Fundamentum
1161 1647 1331 1686 quaeritur,

889 1689 951 1722 Sed
976 1694 1063 1722 ‘serra
1088 1691 1159 1721 dum
1186 1693 1335 1731 quatitur,

886 1736 963 1768 Mox
986 1742 1132 1776 paratum
1158 1740 1295 1771 cernitur

933 1783 1007 1815 Sine
1030 1785 1109 1823 vir0,

886 1830 971 1869 Opus
996 1832 1042 1862 sic
1065 1830 1237 1872 perficitur,

887 1876 974 1908 Sicut
997 1878 1051 1908 nix
1076 1879 1265 1919 extenditur,

885 1922 928 1954 Et
952 1924 984 1954 in
1009 1925 1106 1955 altum
1132 1925 1256 1957 vehitur

932 1969 1029 2001 Modo
1052 1970 1142 2002 miro.

850 2070 857 2076 .
882 2043 974 2075 Hanc
1000 2045 1173 2084 perfectam
1200 2048 1327 2080 dedicat

885 2091 974 2129 Papa
998 2095 1028 2122 et
1052 2092 1238 2135 sanctificat,

884 2138 1039 2177 Praesepe
1063 2139 1136 2170 dum
1159 2140 1303 2179 implicat

931 2184 968 2216 In
996 2186 1106 2227 altari3

879 2231 955 2269 Lac,
980 2231 1148 2264 Matthiam
1172 2234 1321 2273 applicat,

881 2278 944 2310 Per
968 2287 1047 2317 quae
1071 2279 1149 2310 haec
1173 2282 1345 2320 amplificat

883 2324 926 2355 Et
951 2325 1032 2357 dono
1056 2326 1235 2365 magnificat

928 2371 1095 2412 Singulari.
