1652 2615
721 147 953 183 -51-

195 236 225 266 3.
253 237 408 278 Princeps
433 242 523 279 pacis
548 243 662 274 atrium

302 285 473 326 virginalis
499 288 628 319 claustri

252 329 318 360 Soli
343 331 411 363 Deo
437 334 581 372 pervium

298 376 395 410 Flatu
420 379 534 418 perflat
561 383 673 415 austri.

389 444 595 479 Responsoria.

192 487 223 519 1.
249 488 300 519 Ab
326 493 454 523 aeterno
480 493 633 532 virginem

298 537 453 570 Conditor
478 541 607 583 creavit,

251 583 286 613 In
312 592 374 622 qua
398 587 498 617 totum
523 586 679 619 hominem

297 629 436 663 Sabbato
463 634 595 666 curavit.

188 674 224 708 V.
252 675 370 708 Trinae
394 679 559 711 machinae

297 724 399 756 deitas
425 729 457 756 et
481 726 568 766 orig-0
594 726 728 760 Mariae.

190 780 221 811 2.
249 779 368 812 Lumen
394 782 463 813 sine
487 783 631 821 pondere

295 828 435 861 Coclitus
459 829 601 870 gerebat,

245 874 317 906 Tali
341 874 419 907 felix
441 885 537 907 onere

293 921 439 954 Genitrix
464 923 655 965 plaudebat3

211 993 219 1000 .
247 968 341 1000 Clara
366 969 467 1010 figura
491 970 593 1009 patris

293 1017 397 1055 replet
421 1018 505 1049 intus
532 1018 655 1049 viscera
676 1017 795 1047 matris.

210 1096 216 1102 .
244 1071 493 1104 Firmamentum
519 1073 624 1104 solida

292 1120 440 1152 Continet
463 1118 592 1159 fluenta,

243 1164 296 1196 Sic
319 1167 353 1197 in
377 1169 479 1197 matre
504 1165 626 1205 fulgida

290 1212 406 1244 Latent
430 1216 637 1250 sacramenta,

209 1285 216 1291 .
243 1259 429 1291 Extendens
454 1259 556 1290 velum

288 1307 410 1338 claudit
416 1307 474 1338 sub
483 1306 658 1345 aenigmate
667 1305 796 1336 caelum.

293 1402 338 1433 In
363 1402 394 1433 2.
423 1400 659 1433 Nocturno.

380 1461 575 1497 Antiphonae.

205 1535 212 1542 .
235 1509 405 1541 Hominum
429 1518 508 1549 prae
531 1508 606 1541 filiis

286 1557 439 1596 Specialis
465 1555 595 1596 formae,

237 1604 352 1636 Matris
378 1604 488 1636 haeret
510 1604 604 1636 labiis

283 1651 356 1683 Dux
381 1652 497 1691 regalis
520 1659 659 1684 normae.

203 1733 209 1739 .
238 1707 327 1740 Sacri
354 1708 473 1739 ventris
497 1707 635 1739 medium

286 1755 373 1787 Deus
397 1754 551 1786 irroravit

238 1802 281 1833 Et
306 1810 365 1841 per
389 1800 591 1840 puerperium

288 1849 349 1882 Gor
374 1847 595 1880 sanctificavit.

203 1930 211 1938 .
241 1905 332 1938 Felix
358 1905 525 1943 habitatio,

285 1953 403 1985 Civitas
427 1952 533 1984 fidelis

237 2001 333 2040 Cujus
358 1999 510 2032 beneficio

283 2048 430 2080 Pascitur
452 2048 486 2079 in
512 2046 618 2078 caelis.

373 2112 579 2148 Responsoria.

204 2186 210 2192 .
238 2161 302 2195 Sub
329 2162 431 2193 olivae
455 2160 543 2199 folio,

284 2209 374 2249 Quod
400 2208 544 2240 columba
571 2204 685 2247 defert,

238 2256 288 2288 De
312 2256 442 2288 coelesti
466 2255 545 2287 solio

287 2303 402 2336 Pacem
428 2311 535 2335 veram
560 2298 712 2340 praefert,

178 2350 216 2382 V.
246 2350 340 2389 Virgo
365 2359 482 2389 parens
509 2349 582 2381 diva

289 2397 385 2429 viridi
411 2396 558 2437 pubescit
583 2393 676 2426 oliva.

876 246 906 276 2.
933 243 1075 275 Solitudo
1100 244 1254 283 germinat

981 289 1120 322 Saeculis
1147 289 1346 329 fiumentum,

933 337 1030 376 Virgo
1053 337 1170 368 luctum
1196 337 1346 368 terminat

980 383 1072 416 Vitae
1098 385 1176 416 (lans
1203 386 1404 423 crementum,

871 431 909 462 V.
937 431 992 469 Qui
1020 430 1108 462 cibus
1135 434 1182 462 est
1207 431 1287 462 caeli

978 477 1094 516 populo
1123 479 1216 510 datur
1241 487 1312 509 esca
1335 476 1433 510 fideli.

874 562 904 593 3.
929 561 1049 592 Manna
1074 559 1138 593 fert
1164 562 1340 593 dulcedinis

977 610 1062 639 Arca
1087 609 1278 648 testamenti,

929 655 1035 686 Mater
1061 663 1115 687 vas
1142 655 1353 697 pinguedinis,

976 701 1084 732 Virtus
1110 705 1158 733 est
1181 702 1342 743 pigmenti,

866 748 902 781 V.
929 748 1035 780 Floris
1061 747 1153 788 virga
1178 757 1293 788 parens

974 794 1020 825 sic
1046 797 1156 826 vernat
1179 795 1326 834 primitus
1350 803 1455 826 arens.

984 935 1030 965 In
1056 935 1089 966 3.
1115 934 1145 966 N
1160 938 1347 967 coturno,

1067 1017 1261 1053 Antiphonae.

867 1083 896 1114 1.
923 1082 1070 1121 Dignitas
1097 1084 1248 1114 ecclesiae

969 1128 1078 1160 Claret
1101 1130 1134 1160 in
1159 1129 1275 1168 Maria,

922 1174 1019 1212 Quam
1051 1174 1089 1205 de
1113 1176 1227 1206 throno
1253 1175 1372 1215 gloriae

967 1221 1086 1252 Visitat
1110 1222 1231 1260 sophia.

862 1307 893 1337 2.
920 1305 1004 1336 Pura
1029 1305 1108 1336 coeli
1132 1305 1254 1345 species

966 1352 1071 1383 Decus
1097 1357 1144 1384 est
1168 1353 1343 1392 stellarum,

919 1398 972 1430 Sic
996 1399 1120 1431 Mariae
1145 1399 1242 1431 facies

965 1446 1035 1477 Lux
1058 1450 1107 1478 est
1130 1447 1315 1479 animarum.

859 1533 890 1564 3.
917 1530 1062 1563 Salutare
1088 1531 1225 1571 gentium

963 1578 1116 1610 Dominus
1141 1579 1274 1618 revelat,

916 1625 1008 1657 Intra
1032 1626 1142 1657 matris
1168 1626 1320 1666 gremium

965 1672 1067 1704 Carne
1092 1681 1162 1704 sese
1187 1674 1280 1704 velat.

1056 1773 1259 1809 Responsoria.

861 1837 889 1870 1.
919 1837 1047 1875 Septem
1072 1845 1134 1868 uno
1162 1836 1281 1867 calamo

965 1883 1127 1915 Pullulant
1151 1883 1277 1924 aristae,

917 1930 1073 1970 Virginali
1097 1931 1236 1962 thalamo

965 1978 1090 2016 'rropus
1113 1977 1196 2009 ludit
1219 1977 1289 2014 iste,

855 2026 893 2059 V.
920 2024 1074 2064 Septupla
1096 2025 1185 2064 spica
1209 2032 1300 2056 sacro

965 2071 1143 2111 pinguescit
1166 2072 1229 2103 lota
1253 2072 1390 2103 lavacro.

861 2159 892 2191 2.
921 2156 1069 2189 Gaudens
1093 2156 1271 2196 privilegio,

969 2202 1063 2242 Virgo
1089 2203 1271 2244 singularis,

918 2251 956 2283 In
982 2251 1138 2281 communi
1162 2249 1227 2282 filio

966 2297 1034 2329 Deo
1059 2298 1200 2337 sociaris,

858 2346 895 2378 V.
923 2344 1028 2377 Patris
1054 2352 1086 2375 es
1110 2353 1219 2385 nurus,

967 2400 1024 2432 pro
1050 2390 1141 2422 nobis
1167 2391 1221 2431 sis,
1245 2390 1308 2430 pia,
1335 2398 1452 2422 muruS.

1257 2443 1298 2472 4„
