1652 2615
270 227 312 253 In
337 225 361 254 1.
381 226 486 261 Vesp.
515 225 548 252 ad
569 226 665 260 Magn.
694 226 768 252 setzt
787 224 811 251 B
838 225 885 252 die
913 223 934 251 Α
963 226 1049 253 Oliva
1072 226 1222 253 fructifera
1246 228 1317 256 etc.;
1347 225 1372 252 G
1396 225 1412 252 I
1438 225 1487 252 bea

197 263 471 336 {inxnffsiperlniginder
498 261 519 288 Α
546 263 646 289 Novae
678 261 773 289 laudis
804 262 887 289 adest
908 262 1060 290 festivitas.
1084 278 1121 282 —-
1145 263 1172 290 D
1202 264 1316 291 schiebt
1338 263 1414 291 nach
1438 262 1488 288 der

647 390 703 419 Ad
727 389 1021 425 Completorium.

382 457 474 492 Super
492 457 633 484 Psalmos.
1027 456 1073 482 Ad
1092 456 1176 483 Nunc
1196 456 1326 483 dimittis·

192 523 227 550 A.
250 524 346 550 Lectis
367 523 482 557 scriptis
503 524 725 556 circumquaque
866 520 900 547 A.
927 520 1017 555 Virgo
1037 520 1132 548 firmet
1150 528 1203 546 nos
1223 521 1255 546 in
1274 527 1353 556 pace,

248 560 340 595 Saepe
360 559 539 586 defluxerunt
558 566 651 593 aquae
923 558 968 585 Ne
987 565 1151 593 premamur
1170 557 1271 592 procul
1294 564 1312 583 a
1331 565 1362 584 se

245 598 290 624 Ab
312 596 409 624 ocellis
430 597 572 623 eastitatis
922 595 978 622 Per
998 595 1148 631 deceptum
1169 595 1363 630 malignorum

248 635 342 669 Atque
361 642 490 661 summae
509 634 644 669 puritatis
922 633 1015 660 Nobis
1040 640 1152 669 semper
1171 633 1349 660 infestorum.

247 672 375 699 Humilis
395 673 512 698 sanetae
531 670 650 698 Mariae.

263 719 304 746 In
332 717 355 745 1.
374 718 474 745 Noct.
495 716 516 743 Α
545 714 577 750 2,
608 715 622 743 1
647 718 730 745 Nihil
755 719 898 752 pueritiae
916 718 949 746 B.
971 732 1006 736 —-
1025 718 1065 745 In
1085 716 1111 745 2.
1132 718 1230 744 Noct.
1253 715 1273 743 R
1293 714 1319 750 3,
1345 715 1360 744 1
1387 718 1487 753 Nupta

188 756 221 783 fit
245 765 280 783 ex
304 756 415 791 judicio
436 756 467 782 B.
489 771 525 775 -—
546 751 587 781 In
606 752 632 782 3.
653 755 753 782 Noct.
776 752 795 779 R
817 752 835 781 2
853 756 912 783 und
931 752 949 783 3
968 755 1135 791 umgestellt
1153 755 1188 782 E.
1209 769 1245 773 —-
1265 756 1304 782 In
1321 755 1428 782 Laud.
1449 756 1485 782 ad

192 794 296 821 Bened.
318 792 339 819 Α
359 793 452 821 lautet
471 794 503 820 in
521 794 562 821 D:

583 838 654 866 Oum
674 842 732 867 tres
752 846 844 866 annos
863 839 937 867 haec
956 839 1093 873 habebat7

582 877 656 903 Earn
677 879 768 904 mater
791 877 929 905 offerebat

617 915 739 950 Templo
759 914 861 942 Bethel
882 914 1056 948 Salomonis,

583 951 654 979 Sola
672 951 778 988 gradus
799 952 981 986 ascendebat,

581 989 662 1016 Deus
682 992 765 1025 pater
783 992 818 1016 ut
837 990 958 1018 volebat

618 1027 759 1054 Gratuitis
785 1029 845 1054 suis
866 1027 958 1054 donis.

260 1083 319 1110 Fiir
338 1084 385 1110 die
403 1083 522 1111 kleinen
541 1082 641 1110 Horen
665 1083 777 1111 schiebt
796 1083 823 1110 D
844 1083 892 1111 die
911 1083 1065 1119 folgenden
1084 1080 1131 1109 ΑΑ
1158 1083 1218 1110 ein:

395 1158 441 1184 Ad
459 1158 596 1185 Primam.
919 1157 959 1185 Et
980 1166 1032 1192 pro
1052 1159 1296 1194 praesentationis

918 1195 999 1222 Tuae
1021 1195 1094 1223 festo
1115 1196 1174 1222 tuis
1195 1195 1278 1222 donis

188 1212 226 1239 Α·
253 1213 277 1241 O
297 1215 399 1250 regina
417 1215 533 1248 pietatis
958 1231 1062 1260 Confer
1081 1232 1156 1260 coeli
1175 1232 1291 1268 gaudia.

244 1251 285 1278 Et
303 1253 393 1278 totius
414 1252 576 1278 sanctitatis

281 1289 401 1316 Flumen
424 1288 599 1322 indeficiens,

242 1326 324 1352 Tuae
342 1327 583 1361 praesentationis
602 1325 677 1352 festa
1085 1325 1130 1353 Ad
1151 1324 1277 1352 Sextam.

283 1363 469 1391 Celebrantes
490 1363 603 1398 adjuva.
1276 1392 1281 1398 Ι

862 1391 897 1417 Α.
921 1390 963 1417 Te
982 1392 1195 1425 praesentatam
1215 1390 1301 1418 hod1e

919 1427 1085 1463 Indigentes
1107 1428 1237 1462 quotidie

407 1447 453 1474 Ad
471 1449 608 1475 Tertiam·
955 1465 1101 1501 Rogamus
1128 1466 1275 1499 attentius,

187 1503 220 1529 A.
246 1502 356 1529 Stat-um
376 1505 492 1529 nostrae
512 1504 693 1537 paupertatis
919 1501 960 1529 Ut
978 1502 1033 1529 hoc
1051 1503 1123 1530 festo
1145 1505 1174 1529 te
1193 1502 1345 1530 laudantes

245 1539 336 1566 Vultu
354 1542 421 1567 tuae
439 1540 579 1567 bonitatis
918 1539 955 1567 In
973 1539 1029 1566 hoe
1048 1539 1153 1567 mundo
1173 1541 1379 1577 naufragantes

282 1575 441 1604 Clementer
462 1576 612 1604 considera
956 1576 1084 1611 Adjuves
1104 1577 1290 1612 frequentius.

739 1652 785 1679 Ad
804 1652 927 1679 Nonam.

597 1715 631 1742 A.
659 1716 697 1744 Ut
715 1715 749 1743 ad
773 1716 885 1743 eaelum
904 1718 1120 1752 praesentemur

652 1754 693 1780 Et
712 1762 776 1781 cum
798 1754 911 1781 Christo
928 1754 1127 1789 jucundemur,

652 1791 725 1826 Ejus
746 1793 865 1819 matrem
886 1800 1064 1819 veneremur.

187 1837 210 1863 F
235 1838 355 1864 benutzt
378 1837 424 1863 fiir
448 1837 594 1865 dieselben
617 1838 717 1865 Horen
745 1837 787 1865 als
807 1839 1021 1874 Responsorien
1048 1839 1095 1866 die
1120 1837 1166 1864 ΑΑ
1193 1838 1210 1865 2
1237 1841 1282 1867 bis
1308 1838 1328 1866 4
1354 1848 1406 1867 aus
1433 1841 1483 1868 der

188 1877 282 1901 ersten
304 1875 420 1910 Vesper.
441 1888 477 1892 ——
497 1875 532 1901 In
551 1872 576 1902 2.
596 1875 682 1910 Vesp.
703 1876 756 1902 hat.
773 1876 797 1902 B
821 1876 871 1903 das
892 1876 1025 1910 folgende
1046 1877 1285 1910 Responsorium:

579 1922 613 1948 R.
636 1921 740 1957 Maria,
760 1922 844 1949 Jesse
862 1922 989 1958 virgula,

674 1959 719 1986 De
739 1967 797 1994 qua
815 1960 901 1987 Jesus
921 1959 975 1986 flos
998 1961 1096 1992 oritur,

635 1995 760 2031 Spiritus
781 1998 875 2023 saneti
894 1997 997 2032 regula

671 2034 793 2060 Manens
813 2035 845 2060 in
865 2034 971 2070 templo
992 2035 1115 2070 regitur3

574 2070 610 2096 V.
641 2071 688 2098 Ibi
707 2071 805 2098 divino
826 2071 960 2107 dogmate

672 2109 717 2135 De
736 2108 844 2135 divinis
862 2110 1026 2142 instruitur,

637 2145 723 2172 Omni
743 2154 858 2181 quoque
878 2146 1050 2174 charismate

674 2182 839 2210 Gratiarum
858 2184 1005 2212 imbuitur.

263 2230 399 2257 Dieselbe
419 2228 521 2261 Quelle
548 2229 713 2256 verwendet
731 2229 774 2257 als
795 2228 816 2255 Α
838 2231 876 2257 ad
897 2230 1066 2266 Magnificat
1084 2231 1135 2258 das
1158 2229 1176 2255 R
1198 2232 1363 2262 Laudemus
1384 2245 1482 2265 omnes

186 2269 232 2295 bis
259 2276 323 2294 zum
344 2265 486 2293 Versikel.
529 2266 585 2292 Die
608 2267 811 2304 urspriinglich
830 2277 866 2295 zu
886 2269 992 2296 diesem
1017 2268 1148 2295 Officium
1170 2270 1325 2307 gchdrigen
1346 2273 1482 2308 Hymuen

186 2305 251 2332 sind
271 2306 302 2331 in
323 2304 347 2332 1.
360 2304 448 2338 Vesp.
462 2313 467 2329 :
490 2304 513 2328 O
533 2304 589 2331 Dei
610 2305 753 2338 sapientia
765 2304 860 2334 [Mene
880 2307 919 2339 Π,
936 2306 987 2332 Nr.
1001 2304 1057 2333 342
1071 2307 1127 2333 Str.
1143 2305 1217 2334 1—4
1230 2308 1263 2342 —}—
1279 2308 1308 2342 93
1330 2311 1366 2338 ad
1381 2313 1481 2342 Noctz

184 2345 290 2371 Sacrae
314 2344 446 2378 parentes
468 2342 592 2377 virginis
611 2342 705 2375 (Anal.
725 2342 775 2374 IV,
798 2340 858 2376 52);
886 2344 923 2370 ad
942 2343 1071 2370 Laudes:
1095 2344 1200 2372 Omnes
1225 2345 1322 2375 fideles
1349 2350 1482 2385 plaudite

186 2381 280 2419 (Anal.
302 2381 351 2415 IV,
372 2377 431 2415 51);
451 2381 483 2406 in
503 2377 529 2406 2.
549 2378 649 2415 Vesp.:
669 2379 788 2407 Aeterni
807 2382 898 2415 patris
920 2380 1020 2409 ordine
1037 2382 1134 2416 (Mone
1153 2381 1172 2408 1.
1193 2391 1215 2410 c.
1237 2383 1293 2413 Str.
1315 2384 1406 2421 5-9).
