1652 2615
234 234 278 265 Et
302 234 352 265 illi
376 236 545 266 crederent
917 234 1042 267 Laudat
1066 233 1100 264 in
1125 231 1256 264 canticis

283 281 404 312 relictis
428 281 532 324 idolis,
964 281 1003 312 de
1029 280 1125 312 caelis
1150 278 1328 311 Dominum,

236 328 288 359 Au
314 327 441 359 Celsum
463 328 603 366 judicem

284 383 440 415 paganum
467 375 604 407 trahitur
1025 364 1074 392 Ad
1093 363 1278 392 Benedictus.

234 421 279 452 Et
304 422 382 454 duro
407 421 540 454 verbere
846 423 885 456 A.
918 422 1063 454 Eductus
1087 421 1184 461 igitur

281 467 425 500 Donatus
453 469 577 502 teritur.
968 468 1071 500 carnis
1097 467 1252 507 ergastulo

176 526 208 557 4.
236 523 292 555 Nil
317 523 492 557 formidans
920 516 1063 547 Donatus
1090 514 1247 546 clauditur

283 572 389 602 carnis
411 572 545 611 injurias
965 562 1082 594 ibidem
1110 562 1238 601 tumulo,

234 616 321 649 Ictus
345 617 470 657 perfert
922 609 1016 648 Cujus
1042 609 1205 647 exsequias

285 667 316 696 et
340 665 554 704 contumelias,
963 656 1095 696 insignis
1116 655 1239 688 Marius

233 711 377 743 Tandem
402 711 486 743 redit
920 703 1096 742 complevit
1120 702 1261 733 lacrimis

284 761 411 790 sanctus
437 758 478 790 ad
502 759 634 798 propria
967 758 1060 781 orans
1084 749 1284 788 propensius,

235 805 433 837 Benedicens

283 851 346 884 Dei
370 852 537 893 magnalia.

181 912 211 943 5.
238 908 345 941 „ludex
369 909 581 948 persequitur,

282 955 425 987 Donatus
451 956 558 987 latitat
1035 945 1081 973 Ad
1100 944 1278 980 Magnificat.

988 872 1034 903 In
1060 872 1091 905 2.
1119 871 1334 911 VesperiS.

235 1002 280 1034 Et
304 1003 337 1033 in
360 1002 520 1034 Anorelae
847 1003 887 1034 A.
920 1002 944 1034 O
971 1001 1114 1043 donator,
1138 1003 1172 1034 in
1195 1002 1321 1035 Donato

284 1049 415 1081 latebris
441 1049 573 1091 habitat,
915 1048 1015 1080 Nobis
1043 1050 1150 1088 culpas
1177 1050 1353 1081 condonato

236 1097 298 1130 Hic
322 1104 422 1136 usque
446 1104 634 1136 peimancns
918 1095 972 1133 Et,
999 1098 1034 1126 ut
1058 1096 1115 1127 tibi
1141 1097 1332 1136 placeamuS,

284 1143 326 1175 ad
351 1143 462 1175 mortis
487 1142 654 1174 terminum
917 1142 1031 1173 Pacem
1058 1142 1150 1182 dona,
1178 1152 1270 1183 quam
1295 1152 1450 1183 rogamus.

241 1211 325 1237 Brev.
354 1216 406 1235 ms.
427 1208 457 1235 S.
478 1207 633 1234 Laurentii
652 1206 800 1233 Uleiensis
822 1213 896 1233 saec.
920 1204 962 1233 15.
1003 1206 1073 1233 Cod.
1094 1207 1251 1234 Taurinou.
1272 1208 1342 1242 Reg.
1366 1205 1409 1235 11.
1431 1221 1469 1226 —

165 1249 215 1277 Aa
234 1248 360 1275 Maius.
381 1245 469 1273 Iuvit.
494 1243 515 1271 4
536 1245 620 1271 vexit,
644 1245 674 1270 et,
695 1243 836 1271 decorem.
860 1258 898 1263 ——
920 1244 962 1271 In
983 1241 1007 1270 1.
1027 1243 1132 1272 Noet.
1154 1243 1175 1270 A
1198 1243 1227 1276 1,
1251 1243 1272 1272 4
1291 1253 1327 1272 ex
1346 1246 1412 1280 piis.
1451 1264 1469 1267 --

165 1285 185 1312 Β
207 1284 233 1317 2,
254 1283 272 1312 8
291 1284 361 1312 Dies
382 1284 436 1310 mit
454 1281 480 1315 2,
502 1280 518 1309 6
538 1280 774 1318 gleichlautenrle
791 1283 916 1308 mentem
937 1281 1084 1309 retrahere
1103 1283 1143 1309 ist
1162 1286 1193 1309 in
1213 1282 1264 1309 der
1277 1283 1330 1310 He.
1353 1283 1468 1318 spaterc

164 1323 326 1352 Korrektm·
345 1322 417 1348 iiber
437 1322 533 1347 einem
552 1318 751 1346 ausradierten
769 1319 869 1346 Texta.
891 1333 926 1337 —
947 1320 988 1347 In
1008 1317 1034 1345 2.
1055 1319 1156 1347 Noct.
1178 1318 1201 1346 A
1221 1318 1248 1354 2,
1269 1318 1286 1347 2
1307 1323 1370 1348 arte
1390 1322 1467 1355 posi-

164 1365 219 1389 tus.
244 1376 282 1380 —-
299 1356 319 1385 Β
341 1357 367 1392 2,
388 1357 404 1384 7
425 1358 462 1385 ad
482 1357 561 1384 fehlt.
584 1372 607 1376 —-
636 1353 656 1381 R
670 1354 695 1390 2,
717 1353 734 1383 2
749 1356 883 1383 dictatus.
899 1372 935 1376 —-
954 1355 973 1383 Β
989 1354 1015 1389 3,
1037 1355 1054 1383 2
1067 1357 1196 1385 levitate.
1211 1371 1247 1376 -—
1261 1358 1305 1385 In
1324 1355 1350 1385 3.
1367 1358 1469 1386 Noct.

162 1399 184 1425 A
207 1398 238 1431 2Ί
267 1397 284 1426 6
305 1405 347 1432 sq.
367 1396 490 1424 Martini
509 1395 591 1430 petit.
611 1408 649 1413 --
670 1392 692 1419 A
713 1390 745 1425 3,
772 1391 790 1421 3
810 1396 894 1422 sumi.
915 1408 949 1412 —
973 1392 994 1419 A
1016 1392 1049 1429 3,
1076 1393 1093 1422 5
1114 1396 1284 1431 praefectus.
1305 1409 1342 1414 —
1364 1394 1384 1422 Β
1407 1394 1431 1428 1,
1452 1394 1470 1423 3

163 1437 278 1464 Facem.
306 1448 342 1452 —-
371 1432 391 1460 Β
419 1431 450 1467 2,
481 1431 494 1459 1
521 1435 553 1460 in
579 1433 648 1459 vite.
670 1445 708 1449 —
728 1428 748 1456 Β
777 1429 810 1464 2,
838 1430 857 1458 4
876 1432 998 1460 videtur.
1022 1446 1058 1452 —
1078 1433 1113 1460 In
1128 1432 1221 1460 Laud.
1244 1433 1281 1460 ad
1296 1433 1366 1461 Ben.
1388 1431 1424 1468 A,
1453 1433 1469 1460 7

163 1474 304 1510 Oomplet.

618 1561 665 1592 70.
692 1561 735 1592 De
756 1561 863 1592 sancto
887 1561 1011 1593 Donato.

305 1635 350 1668 In
378 1634 408 1666 1.
435 1632 653 1672 vesperis.
921 1632 1044 1664 Tenens
1073 1633 1157 1664 hunc
1181 1632 1375 1673 Hilarianus,

969 1679 1109 1718 Suscipit
1132 1680 1328 1719 martyrium,

865 1739 897 1769 5,
922 1736 1049 1775 Martyr
1073 1736 1183 1767 inclite
1206 1735 1341 1778 Donate,

971 1783 1097 1815 Miseris
1122 1782 1288 1823 refugium,

922 1830 1023 1862 Nobis
1052 1830 1134 1863 dona
1157 1830 1217 1862 tibi
1243 1831 1337 1863 datae

971 1877 1101 1910 Gratiae
1125 1878 1249 1910 solatia.

384 1697 580 1734 Antiphonae.

184 1760 215 1792 1.
243 1757 402 1797 Splendor
426 1755 549 1796 stellae,
577 1754 682 1785 clarae
704 1753 785 1785 lucis

289 1804 414 1836 Rutilat
438 1803 603 1841 serenitas,

240 1851 317 1884 Cum
342 1851 469 1889 Donati,
496 1849 597 1881 nostri
624 1848 723 1890 ducis,

285 1899 400 1938 Agitur
425 1896 631 1930 sollemnitas,

179 1958 210 1991 2.
237 1955 377 1995 Fulgens
403 1954 488 1987 vitae
512 1953 681 1986 sanctitate
1035 1961 1081 1990 Ad
1100 1962 1280 1998 Magnificat.

286 2002 395 2037 Glaret
421 2004 453 2033 et
475 2000 645 2041 natalibus,
849 2022 878 2053 A

237 2050 362 2084 Lucens
389 2058 466 2082 vera
490 2048 637 2080 castitate

285 2098 375 2130 Nitet
399 2095 609 2128 mirabilibus.

884 2047 891 2054 .
921 2021 1025 2053 Fonte
1049 2029 1150 2060 aquae
1175 2020 1329 2060 tabidum,

920 2068 1008 2100 Labe
1031 2068 1143 2099 mortis
1166 2067 1332 2100 sordidum

969 2115 1142 2148 Sanaturus
1167 2115 1266 2155 vadit,

175 2157 208 2188 3.
233 2154 329 2186 Hunc
351 2153 504 2194 baptismi
529 2152 698 2184 chrismate
921 2163 1026 2195 Draco
1050 2171 1125 2194 mox
1148 2161 1319 2207 egreditur,

285 2202 459 2235 Consecrat
483 2200 674 2241 P1gmen1us,
920 2210 965 2242 Et
988 2211 1104 2242 asellus
1129 2210 1276 2250 nectitur,

235 2249 332 2289 Legis
358 2257 481 2289 quoque
508 2248 654 2300 dogmate
967 2257 1047 2290 Eum
1075 2258 1106 2287 et
1130 2256 1264 2295 invadit,

285 2297 388 2328 DOGsst
412 2296 516 2335 ipsum
541 2294 677 2335 Flemus·
922 2304 1031 2337 Crucis
1057 2307 1163 2335 tamen
1188 2311 1285 2342 opere

177 2356 208 2387 4.
238 2353 398 2392 Quaerens
420 2353 541 2392 justum
566 2351 713 2383 Julianus
921 2352 964 2384 Et
988 2350 1107 2391 flagelli
1133 2350 1266 2383 verbere

286 2400 449 2440 Compulit
473 2399 631 2438 Arctium,
969 2400 1085 2434 Caesus
1110 2399 1212 2430 morte
1238 2399 1334 2431 cadit.
