1652 2615
131 187 163 220 3.
191 185 285 219 Clara
305 187 466 219 revelatur

234 233 286 265 via
307 234 423 272 clausa,
448 233 528 266 fides
553 237 714 266 reseratur

186 279 325 320 Fulgida
349 283 451 313 strata
476 281 579 322 datur,

234 336 293 366 per
307 337 399 367 quam
408 328 559 368 piaplebs
565 329 739 368 gradiatur,

190 374 258 405 Vox
283 376 384 413 patris
411 378 459 406 est
483 376 582 417 testis,

236 421 351 463 vultus,
377 422 443 461 lux,
470 422 607 453 candida
623 422 737 462 vestis3

117 468 154 500 V.
186 468 314 500 Gemite
338 469 538 508 splendorem

237 515 343 548 vultus
366 516 525 554 vestisque
545 515 689 547 nitorem.

250 638 295 670 In
321 638 353 669 3.
381 636 604 670 Nocturno.

327 711 520 746 Antiphonae.

131 770 161 802 1.
187 769 398 801 Vehementer
421 768 519 801 forte-s
546 769 589 801 dii

234 819 338 848 terrae
364 815 477 847 elevati

187 863 330 902 Speciem
355 863 415 894 Dei
440 862 538 894 Jacob

235 910 346 942 vident
369 909 596 942 transformati.

130 969 160 999 2..
189 966 289 998 Gustu
314 966 404 998 brevi
431 965 567 997 dulcium

235 1015 343 1045 nostra
365 1021 452 1044 mens
477 1011 589 1045 affecta

190 1059 391 1098 Concupiscit
414 1060 518 1090 acrius

232 1107 314 1137 atria
339 1106 465 1139 dilecta.

128 1165 158 1196 3.
184 1162 253 1195 Lex
276 1170 335 1202 per
358 1161 491 1200 Moysen
518 1166 566 1192 est
591 1161 674 1205 data,

184 1209 214 1241 A
240 1208 404 1247 prophetis
428 1207 607 1246 testificata,

182 1257 319 1294 Quorum
349 1255 466 1287 Christi
490 1256 672 1293 praesentia

184 1302 350 1342 Completa
372 1304 447 1333 sunt
468 1303 649 1341 praeconia.

315 1386 521 1421 Responsoria.

125 1445 155 1477 1.
180 1444 427 1478 Circumstantes
451 1443 567 1474 terruit

228 1490 387 1530 Splendor
412 1490 575 1528 claritatis,

180 1538 297 1578 Quibus
322 1545 410 1568 mens
435 1537 574 1576 elanguit

226 1585 266 1617 In
290 1588 409 1616 terram
432 1584 612 1623 prostratis,

181 1632 243 1664 Sed
267 1631 366 1663 nubes
392 1631 549 1670 apparuit,

226 1678 357 1718 Signum
380 1677 530 1710 lenitatis.

110 1726 147 1758 V.
177 1726 227 1758 Dc
249 1724 346 1757 coelis
369 1724 506 1756 intonuit

226 1772 312 1803 Deus
336 1770 522 1811 majestatis⁷

178 1820 343 1852 Humanae
374 1818 561 1850 contremuit

226 1866 324 1907 Virga
346 1864 525 1905 parvitatis

108 1925 138 1957 2.
166 1925 278 1956 Petrus
303 1925 414 1962 raptus
439 1921 554 1962 gaudio

224 1971 348 2003 Tantae
371 1969 502 2001 visionis

176 2019 248 2051 Non
272 2027 307 2049 se
330 2018 413 2057 regit
436 2017 565 2056 praevio

222 2065 329 2097 Ductu
351 2064 494 2102 rationis,

176 2113 263 2153 Quod
288 2112 405 2152 probat
427 2111 546 2143 indicio

222 2159 343 2192 Prolati
371 2158 542 2191 sermonis:

104 2207 140 2240 V.
171 2208 268 2240 Fiant
291 2206 496 2240 tabernacula

221 2254 340 2286 Trinae
359 2252 541 2289 mansionis,

172 2303 293 2334 Bonum
320 2305 368 2333 est
391 2309 449 2341 per
474 2300 599 2331 saecula

219 2349 331 2384 Tantis
355 2347 421 2380 frui
445 2347 546 2380 bonis.

800 190 831 222 3.
859 187 1096 220 Transformate

915 235 1061 268 Salvator
1086 236 1190 275 hodie,

870 282 935 314 Nos
960 282 1097 314 reforma

915 337 973 368 per
998 331 1093 362 vitam
1116 330 1245 371 gratiae,

867 376 929 407 Hic
952 375 1087 408 informa

914 424 990 454 lima
1011 423 1163 463 justitiae,

869 469 953 501 Hinc
976 469 1167 502 transforma

915 517 946 548 in
971 517 1042 548 luce
1066 517 1204 556 gloriae3

830 592 836 598 .
867 563 939 595 Tibi
963 564 1096 595 mundos

912 620 931 642 a
955 609 1043 642 faece
1066 610 1188 642 scoriae

865 656 1018 689 Revelata

914 702 1074 736 conforma
1096 702 1187 737 facie.

958 845 1003 875 ln
1031 843 1253 875 Laudibus.

1007 926 1200 961 Antiphonae.

830 1021 836 1027 .
862 994 1016 1025 Decorem
1042 992 1185 1025 Christus
1206 992 1318 1032 induit,

866 1041 1002 1072 Paterna
1026 1048 1087 1071 vox
1110 1040 1258 1076 insonuit,

908 1087 977 1118 Ista
1000 1085 1181 1117 testimonia

912 1133 1014 1164 Nimis
1040 1131 1215 1166 credibilia.

828 1225 836 1232 .
863 1196 1094 1230 Transformati
1119 1197 1221 1237 gloria

909 1245 975 1277 Nos
1001 1243 1079 1275 facit
1102 1243 1200 1282 sitire,

861 1291 926 1330 Quo
953 1291 1086 1322 donetur
1110 1291 1192 1322 atria

907 1339 986 1378 Ejus
1010 1338 1152 1370 introire.

828 1434 833 1440 .
860 1404 962 1444 Super
986 1412 1044 1435 nos
1066 1402 1210 1434 illumina

906 1451 1037 1483 Vultum
1062 1452 1160 1491 tuum,
1186 1449 1319 1488 Christe,

860 1498 956 1537 Cujus
980 1498 1060 1528 lucis
1085 1496 1186 1536 gloria

905 1544 1022 1584 Fulget
1050 1543 1117 1576 dies
1141 1545 1211 1576 iste.

826 1639 831 1644 .
858 1610 1033 1643 Benedicat
1055 1609 1221 1642 Dominum

905 1658 1011 1690 Omnis
1038 1660 1190 1697 creatura,

859 1704 918 1742 Qui
942 1712 977 1736 se
1003 1703 1092 1735 dedit
1116 1702 1270 1741 fulgidum

904 1751 941 1782 In
968 1759 1061 1782 carne
1080 1758 1224 1788 passura.

824 1843 830 1850 .
857 1818 1003 1850 Laudent
1024 1824 1128 1855 regem
1152 1815 1272 1854 gloriae

906 1864 1036 1902 Cuncta,
1062 1871 1142 1902 quae
1163 1862 1292 1905 creavit,

860 1911 955 1951 Cujus
981 1910 1085 1951 fulgor
1107 1909 1202 1941 hodie

905 1959 1009 1991 Solem
1030 1956 1200 1996 superavit.

969 2041 1014 2068 Ad
1033 2041 1216 2069 Benedictus.

818 2135 825 2142 .
855 2109 905 2141 Ex
931 2110 994 2141 alto
1017 2117 1073 2141 nos
1099 2111 1203 2140 oriens

907 2156 1051 2188 Christus
1074 2156 1225 2193 visitavit,

856 2203 952 2242 Cujus
977 2203 1078 2235 lucem
1104 2201 1217 2243 fragile

902 2259 1017 2290 corpus
1041 2250 1252 2291 obumbravit,

857 2299 919 2331 Sed
945 2300 978 2330 ut
1004 2307 1061 2329 nos
1084 2297 1248 2335 illuminet¹

902 2354 937 2377 se
960 2343 1207 2384 transfiguravit.

1194 2397 1236 2426 2*
