1652 2615
158 365 195 396 V.

679 144 721 150 —-
773 125 934 160 108—-

227 227 263 258 In
290 227 330 264 te,
357 223 443 263 virgo
467 220 642 262 benedicta,

226 275 256 304 A
279 271 413 303 Domino
438 269 497 300 tibi
522 269 605 300 dicta

273 317 366 349 Lucis
391 316 577 347 testimonia.

226 364 356 401 Matres,
381 362 440 394 filii
461 363 643 400 junguntur,

227 411 350 450 Verbis,
376 408 513 448 gestibus
539 406 685 438 fruuntur

273 456 377 487 Hilari
399 454 584 494 praesentia.

312 595 358 626 In
381 592 611 625 Laudibus.

371 677 562 712 Antiphonae.

200 774 206 779 .
232 745 402 784 Regnantis
426 742 584 774 mirabilia

277 791 434 823 Matribus
464 790 607 820 nuntiata

231 839 331 871 Facta
357 839 429 868 sunt
454 835 617 867 eredibilia

280 884 406 923 Populis
431 882 579 915 revelata.

236 959 375 993 jubilant
404 958 486 988 senis
511 957 593 987 atria

282 1005 329 1036 De
355 1004 551 1042 salutatione,

232 1053 347 1090 Mater,
371 1050 475 1082 infans
502 1053 533 1080 et
556 1049 662 1089 patria

281 1099 318 1130 In
344 1097 559 1129 exsultatione.

202 1197 210 1204 .
236 1173 379 1205 Salutare
401 1173 611 1209 cognoverunt

284 1218 410 1249 Domini
432 1217 465 1247 in
489 1217 642 1258 gentibus,

236 1265 357 1297 Abdita
379 1265 599 1295 reseraverunt

284 1312 388 1349 Pater,
414 1312 523 1348 mater,
549 1309 706 1348 parvulus.

207 1412 212 1418 .
240 1386 391 1422 Humiles,
421 1382 598 1414 benedicito

285 1432 419 1462 Matrem
443 1429 639 1461 humilitatis.

242 1479 315 1511 Cum
342 1478 447 1516 pueris
473 1475 625 1507 concinite

285 1524 442 1563 Hymnum
467 1522 679 1554 sanctificatis.

208 1626 213 1631 .
241 1598 406 1631 Collaudat
430 1598 528 1628 onmis
553 1596 681 1638 spiritus

288 1645 331 1676 Te
356 1647 484 1675 matrem
512 1644 670 1686 creatoris,

239 1692 424 1724 Visitantem
453 1690 600 1721 humilius

289 1739 438 1770 Parentes
464 1737 687 1776 praecursoris.

351 1839 397 1866 Ad
414 1839 596 1866 Benedictus,

242 1898 348 1928 Aurea
370 1896 435 1927 dies
459 1896 632 1936 praeclara,

243 1945 288 1976 Te
311 1943 381 1974 luce
405 1941 490 1973 felici
515 1951 588 1973 rara

290 1989 400 2020 Oriens
423 1988 605 2027 illustravit,

244 2035 397 2067 Davidica
421 2034 507 2073 virgo
532 2043 719 2074 praegnanS,

243 2083 311 2113 Rex
336 2082 366 2112 in
393 2083 492 2112 matre
518 2082 602 2112 eaelo
628 2090 761 2122 regnans

290 2128 459 2168 Cognatam
484 2127 632 2165 visitavit,

246 2174 469 2208 Salutationem
495 2175 617 2207 clausus

245 2223 325 2254 Alvo
350 2222 456 2258 sentit,
484 2224 590 2251 movet
611 2221 739 2259 plausus

290 2268 451 2308 Propheta
474 2267 627 2306 altissimi,

291 2316 469 2348 Adventum
494 2314 595 2346 sciens
619 2314 745 2346 Domini

338 2362 443 2395 Plebis
469 2362 725 2402 redemptionem.

955 219 1002 250 In
1030 220 1061 251 2.
1088 219 1116 250 V
1129 217 1304 258 esperiS.

1038 282 1231 317 Antiphonae.

840 340 869 371 1.
896 338 946 370 Ex
969 342 1059 370 utero
1084 339 1223 370 nondum
1247 337 1357 368 matris

944 384 1030 417 Deus
1055 388 1127 415 ante
1151 382 1315 415 luciferum

899 431 999 462 Natus
1026 430 1139 462 dextra
1163 429 1276 461 sedens
1300 429 1401 467 patris

947 476 1036 509 Senis
1060 475 1210 507 fecundat
1234 479 1368 507 uterum.

841 533 872 566 2.
899 533 1048 565 Visitavit
1072 534 1203 564 matrem
1230 532 1320 563 domo

947 579 1042 619 Virgo
1068 579 1155 619 prius
1180 579 1329 617 sterilem,

902 626 957 658 Cui
979 635 998 657 a
1013 627 1081 658 Deo
1104 626 1216 657 missus
1241 626 1333 657 homo

947 672 1048 705 Datus
1073 676 1123 704 est
1144 673 1178 704 in
1202 672 1352 704 sobolem.

869 758 875 763 .
901 731 986 769 Quae
1012 729 1097 761 dicta
1121 731 1193 760 sunt
1216 738 1236 760 a
1260 729 1390 768 virgine,

946 776 1006 808 His
1030 777 1180 816 parvulus
1205 776 1350 813 laetatur,

903 823 963 854 Dei
986 823 1087 854 tribus
1113 823 1232 862 origine

952 870 1068 903 Salutis
1092 870 1254 909 gloriatur.

870 953 877 959 .
902 926 996 964 Ecce,
1021 933 1141 956 merces
1166 925 1285 956 ventris
1310 926 1365 963 tui,

951 972 1056 1011 Virgo,
1083 971 1202 1003 fructus
1227 970 1296 1010 filii,

904 1022 969 1057 Quo
996 1019 1102 1050 dilecti
1126 1018 1265 1058 gaudent
1289 1017 1351 1050 frui

950 1067 1151 1098 Immemores
1176 1065 1289 1098 exsilii.

873 1146 880 1153 .
906 1121 1070 1160 Eloquium
1096 1121 1250 1161 virginale

953 1166 1129 1207 Liquefaoit
1152 1168 1326 1210 parvulum,

906 1214 1062 1246 Gaudium
1085 1222 1158 1245 mox
1182 1215 1369 1253 prophetale

953 1260 1120 1293 Nuntiavit
1142 1260 1318 1292 Dominum.

1022 1334 1068 1361 Ad
1087 1334 1118 1361 M
1120 1333 1263 1369 agnifieat.

870 1408 876 1414 .
905 1382 1083 1421 Majestatis
1110 1381 1248 1421 virgineo

907 1429 1076 1460 Humilitas
1105 1428 1242 1459 triclinio

953 1475 1111 1507 Divinitus
1136 1475 1289 1513 umbrata,

908 1522 1025 1553 Salutis
1049 1522 1238 1560 resonantia,

908 1568 1043 1607 Spiritus
1072 1568 1282 1600 redundantia

955 1616 1072 1647 Parens
1098 1614 1305 1654 adnunciata3

906 1662 1054 1693 Exsultat
1078 1664 1213 1692 matrum
1237 1663 1377 1702 spiritus,

908 1708 1086 1748 Applaudit
1109 1717 1207 1747 parvo
1232 1710 1393 1748 parvulus,

956 1756 980 1788 Ο
1006 1754 1084 1787 felix
1108 1755 1256 1793 visitatio,

909 1801 1027 1834 Solatio
1052 1800 1227 1841 magnifica,

911 1848 1040 1880 Gratiae
1063 1847 1144 1887 fons,
1170 1851 1271 1880 mater
1295 1848 1391 1889 Dei,

911 1894 1045 1926 Sanctae
1068 1895 1176 1935 spei,
1203 1894 1346 1935 glorifica

1003 1942 1068 1973 Nos
1093 1942 1245 1980 adspectu
1271 1942 1431 1977 trinitatis.

989 2026 1064 2057 Per
1089 2026 1294 2059 Octavam.

1027 2080 1072 2108 Ad
1090 2081 1268 2116 Magnificat.

873 2153 879 2159 .
911 2127 1101 2167 Imperatrix
1127 2138 1144 2160 o
1170 2130 1337 2170 caelorum,

910 2174 1068 2206 Primitias
1093 2176 1276 2214 gaudiorum

956 2221 1066 2253 Amico
1090 2231 1206 2261 sponso
1230 2224 1352 2264 tribuis,

911 2267 937 2298 B
949 2268 1057 2299 eatis
1081 2271 1260 2307 precatibus

910 2314 956 2346 Ut,
979 2323 1035 2346 nos
1060 2316 1161 2348 salvet
1183 2318 1321 2350 reatibus

960 2362 1021 2394 Ora
1047 2371 1152 2402 regem
1176 2365 1410 2404 majestatis,

1642 84 1652 151 <f—
