1652 2615
251 222 358 265 Virgo,
381 228 480 257 mater
504 223 665 263 honorata,

253 271 316 303 Ora
339 275 456 310 natum,
482 276 515 302 ut
540 273 669 311 peecata

300 319 401 350 Laxet
424 321 455 349 te
478 317 688 350 laudantibus.

193 379 224 404 ‘.
252 375 355 414 Virgo,
381 372 438 405 flos
463 373 662 414 virginitatis,

252 420 382 452 Gemma
405 428 542 451 summae
566 418 726 456 trinitatis,

295 467 475 498 Electorum
501 465 609 505 gloria,

252 513 355 552 Virgo,
381 521 490 543 norma
514 511 699 549 sanctitatis,

254 559 316 590 Nos
342 559 493 597 conjunge
518 566 584 589 cum
612 557 711 588 beatis

295 605 331 637 In
356 613 503 643 suprema
528 604 623 635 curia.

339 726 415 758 Die
438 725 651 757 Mercurii.

365 799 410 826 Ad
429 800 611 827 Matutinum.

212 884 218 890 .
250 858 349 889 Stella
375 857 551 895 producens
576 857 699 888 radium

299 904 414 935 Salutis
439 906 532 942 atque
556 903 671 945 gaudii,

251 950 321 981 Due
345 958 400 981 nos
425 950 465 980 ad
491 953 577 981 tuum
598 948 706 988 filium,

298 997 357 1035 Qui
381 1004 476 1035 saepe
500 1005 604 1027 sumus
631 997 722 1030 devii.

211 1070 217 1076 .
249 1043 272 1075 O
300 1047 417 1082 stupor,
445 1051 462 1073 ο
487 1043 678 1084 mysterium,

248 1089 328 1120 Dum
354 1088 440 1128 virgo
465 1093 565 1119 mater
588 1087 685 1120 filium

296 1135 383 1166 Parit
405 1135 598 1173 intemerata,

208 1208 215 1215 .
248 1182 342 1213 Pater
372 1181 411 1211 de
434 1184 509 1212 nata
531 1181 679 1221 nascitur,

249 1228 350 1259 Homo
375 1226 459 1257 Deus
483 1227 684 1267 progreditur

297 1274 413 1306 Nostra
436 1273 549 1305 tollens
574 1278 710 1313 peecata.

421 1347 511 1373 Prosa
531 1345 554 1373 1.

217 1430 223 1435 .
250 1405 328 1442 Ave,
354 1405 454 1434 mater
477 1405 596 1442 gratiae

251 1450 339 1481 Finis
365 1452 396 1479 et
419 1450 574 1490 miseriae,

297 1495 382 1528 Coeli
405 1498 506 1536 porta,

249 1543 330 1573 Nam
355 1540 425 1574 fons
449 1544 632 1584 sapientiae,

249 1589 297 1620 De
320 1592 361 1629 te,
386 1587 443 1619 flos
467 1590 649 1629 munditiae,

293 1635 362 1667 Lux
388 1638 433 1666 est
458 1638 535 1668 orta.

217 1716 222 1721 .
249 1691 330 1722 Dum
357 1699 393 1722 ex
418 1693 450 1722 te
473 1691 527 1723 lux
551 1692 659 1736 oritur,

249 1737 356 1769 Hostis
384 1738 482 1769 omnis
506 1739 645 1782 pellitur,

297 1784 363 1815 Pax
389 1784 531 1822 donatur,

249 1830 350 1862 Pestis
373 1838 411 1861 ex
435 1833 509 1861 tuno
531 1832 664 1873 tollitur,

248 1877 333 1908 Deus
358 1885 449 1908 verus
475 1878 595 1916 colitur,

295 1924 366 1955 Nox
390 1922 526 1963 fugatur.

216 2006 223 2012 .
248 1979 282 2010 Si
305 1980 466 2018 insurgant
491 1980 578 2020 vitia,

251 2025 338 2056 Hace
363 2027 419 2064 est,
444 2030 479 2056 ut
503 2027 633 2059 victoria

294 2073 501 2111 Agnoscatur,

248 2118 328 2150 Nam
355 2126 410 2159 per
434 2118 512 2149 haee
535 2120 699 2158 supplicia,

249 2165 333 2203 Quae
357 2173 439 2196 nune
462 2168 533 2196 sunt
558 2166 698 2208 immitia,

293 2212 385 2244 Mens
409 2214 570 2251 purgatur.

213 2294 220 2302 .
246 2269 341 2310 Ergo,
368 2267 454 2307 virgo
479 2269 575 2308 regia,

246 2315 346 2347 Nobis
374 2314 451 2345 haee
474 2315 632 2346 moestitia

293 2362 368 2394 Fert
394 2362 543 2404 solamen,

805 133 945 163 58-

921 225 994 256 Jam
1019 223 1096 256 haee
1119 224 1217 264 stirps
1241 223 1367 264 egregia

921 270 993 301 Tibi
1017 270 1111 302 laude
1138 271 1249 302 sedula

967 317 1063 349 Dicat
1085 318 1197 350 Amen.

1093 399 1185 426 Prosa
1204 398 1230 425 2,

865 466 894 496 1.
921 465 1027 495 Mater
1050 464 1160 505 duleis,
1188 466 1288 495 mater
1312 464 1375 504 pia,

921 511 966 541 Te
990 510 1156 542 laudantes
1182 511 1240 541 hae
1265 510 1297 540 in
1323 510 1375 540 via

968 557 1020 589 Ad
1046 560 1077 587 te
1101 557 1201 596 ipsam
1229 556 1338 595 dirige,

920 604 1024 635 Mater
1048 612 1173 643 semper
1196 605 1389 642 incorrupta,

921 650 1073 682 Vitiorum
1098 659 1174 689 quos
1199 650 1256 682 sub
1282 650 1367 681 lucta

968 697 1096 728 Pressos
1122 697 1234 737 cemis,
1261 697 1354 736 erige.

863 754 894 784 2.
920 753 1026 784 Mater
1051 754 1150 783 nostri
1174 753 1394 791 redemptoris,

919 800 970 831 Ab
995 799 1116 831 aeterni
1139 808 1195 831 nos
1220 799 1371 830 moeroris

967 846 1066 878 Serva
1090 846 1290 884 eruciatibus,

918 893 1025 924 Mater
1050 891 1126 923 felix
1151 897 1183 924 et
1205 893 1307 934 beata,

919 940 1014 978 Apud
1040 941 1147 969 natum
1171 939 1326 971 advocata

965 985 1014 1017 Sis
1040 985 1072 1015 in
1098 988 1130 1016 te
1154 985 1364 1024 sperantibus.

862 1042 894 1073 3.
919 1041 1023 1072 Mater
1048 1041 1136 1080 mira,
1162 1044 1263 1073 mater
1286 1039 1388 1081 fortis,

919 1087 1024 1119 Servis
1049 1087 1111 1118 tuis
1136 1088 1213 1119 hora
1237 1088 1346 1118 mortis

966 1134 1055 1166 Pium
1080 1132 1129 1164 fer
1153 1134 1311 1176 auxilium,

920 1180 1024 1211 Mater
1047 1183 1165 1220 saneta,
1192 1184 1292 1212 mater
1318 1181 1409 1223 bona,

917 1227 982 1258 Nos
1007 1229 1183 1259 sanctorum
1208 1227 1260 1259 fae
1285 1236 1400 1259 corona

963 1273 1041 1304 Frui
1064 1276 1135 1312 post
1161 1273 1313 1305 exsilium.

1043 1412 1072 1444 D
1082 1413 1093 1444 i
1102 1421 1118 1444 e
1142 1413 1163 1445 J
1172 1423 1189 1445 o
1198 1414 1236 1446 vi
1247 1423 1271 1446 s,

1038 1486 1082 1513 Ac]
1100 1487 1276 1523 Magnificat.

847 1554 886 1584 A.
919 1553 1003 1584 Pura
1029 1552 1148 1584 victore
1172 1555 1297 1594 perpeti

964 1600 1128 1638 Templum
1155 1609 1223 1632 eum
1248 1606 1321 1633 nato
1346 1603 1465 1643 visitas,

915 1647 966 1677 Ab
990 1647 1080 1677 hoste
1104 1656 1160 1678 nos
1185 1648 1353 1687 multiplici

962 1693 1068 1725 Fortis
1095 1696 1126 1724 et
1149 1694 1202 1733 pia
1226 1698 1383 1735 protegas.

849 1758 888 1791 R.
919 1758 1089 1791 Genitrieis
1113 1759 1275 1792 humilitas

967 1805 1210 1838 Commendatur
1235 1808 1347 1839 eximie

1014 1852 1050 1884 In
1074 1854 1192 1892 templo
1217 1858 1428 1896 praesentata,

919 1898 999 1929 Dum
1025 1899 1091 1936 ejus
1117 1908 1236 1931 summa
1259 1902 1381 1939 puritas

965 1945 1091 1977 Peeeati
1114 1954 1222 1977 carens
1249 1948 1333 1979 carie

1012 1990 1106 2030 Legis
1132 1992 1216 2023 subit
1238 1995 1398 2028 mandata.

849 2038 887 2070 V.
917 2038 954 2068 In
977 2039 1070 2069 ulnus
1094 2039 1171 2070 tolle
1195 2048 1336 2080 puerum,

920 2085 1031 2122 Senex,
1058 2088 1186 2124 stupens
1212 2086 1394 2127 obsequium

964 2130 1173 2163 Intemeratae
1196 2134 1334 2172 virginis.

1091 2216 1183 2243 Prosa
1205 2216 1228 2243 1.

862 2272 891 2303 1.
915 2273 993 2315 Ave,
1024 2272 1112 2312 virgo
1138 2276 1233 2315 regia,

916 2320 1008 2351 Felix
1033 2320 1171 2358 prudens
1197 2325 1229 2353 et
1252 2323 1314 2364 pia,

963 2366 1036 2398 Dux
1067 2375 1238 2413 caecorum,
