1652 2615
275 234 368 267 Nova
392 236 473 267 caeli

324 281 403 312 dans
426 282 497 314 orbi
520 281 661 325 foedera,

275 327 470 361 Venerantes

322 377 396 407 tuae
419 376 562 408 laetitiae

274 422 462 455 Memoriam

323 479 342 501 a
366 473 468 502 morte
491 471 603 505 libera.

400 554 446 581 Ad
464 554 644 591 Magnificat.

236 635 243 643 .
274 611 299 643 Ο
324 611 441 651 Maria,

322 662 445 698 gratum
471 661 691 693 commercium

272 706 459 738 Procurasti

325 752 406 784 votis
429 752 583 794 fidelium,

275 800 376 833 Justis
402 800 509 840 vitam,

322 847 386 878 reis
415 848 601 888 remedium,

273 893 348 926 Tibi
374 895 470 928 decus

322 942 433 973 matris
460 944 492 973 et
515 942 673 981 gaudium.

340 1054 402 1086 Ad
427 1055 690 1088 Matutinum.

413 1129 629 1157 Invita-tortum.

276 1186 436 1218 Summum
462 1186 630 1218 Dominum
654 1187 784 1227 gloriae,

324 1233 448 1271 Venite,
480 1233 658 1274 adoremus,

276 1279 377 1313 Matri
400 1280 515 1321 plenae
539 1280 692 1320 laetitiae,

324 1327 446 1366 Venite,
475 1328 677 1362 exsultemus,

347 1440 392 1471 In
420 1441 450 1473 1.
476 1440 533 1473 No
544 1443 662 1473 eturn
673 1450 701 1473 0.

429 1515 624 1550 Antiphonae.

243 1598 249 1604 .
274 1571 441 1605 Perfeeisti
463 1573 589 1605 laudem
615 1574 727 1606 matris

324 1619 502 1660 Conceptus
526 1621 560 1652 in
585 1622 717 1662 virgine,

276 1668 376 1706 Quam
400 1667 569 1699 obumbrat
591 1669 694 1700 virtus
717 1670 820 1708 patris

324 1714 456 1754 Absque
480 1715 542 1747 viri
566 1716 695 1749 semine.

244 1798 251 1804 .
276 1772 305 1804 A
331 1779 453 1803 summo
479 1771 567 1803 caelo
593 1780 737 1812 egressus

324 1817 440 1850 Matris
465 1819 566 1851 intrat
589 1819 722 1859 viscera,

276 1865 359 1898 Inde
383 1874 516 1898 nascens
543 1868 591 1898 est
616 1875 760 1908 egressus

324 1913 454 1945 Tollens
479 1914 589 1946 mundi
613 1915 745 1948 scelera.

244 1996 250 2003 .
278 1971 382 2010 Super
402 1971 504 2003 maria
527 1969 670 2015 fundata,

323 2018 430 2050 Mater
458 2018 556 2050 maris
581 2020 689 2052 nescia

276 2068 340 2100 Per
364 2074 455 2106 reges
479 2068 528 2098 est
552 2066 707 2100 honorata

322 2112 399 2146 Nati
423 2113 519 2147 stella
541 2115 662 2148 nuntia.

407 2201 614 2236 Responsoria.

245 2287 252 2294 .
278 2261 365 2292 Arca
396 2259 496 2292 divini
521 2257 672 2300 foederis,

327 2305 414 2338 Caeli
437 2307 533 2347 plena
559 2306 699 2346 dulcore,

276 2353 405 2394 Regalis
429 2355 518 2395 virgo
541 2354 678 2395 generis,

323 2400 414 2434 Novo
439 2401 577 2435 fecunda
602 2410 700 2442 more,

823 142 889 179 157
939 162 984 167 —

955 237 1081 271 Gaudet
1104 238 1198 269 misso
1225 237 1265 268 de
1288 239 1412 278 superis

1000 285 1121 324 Angelo
1146 294 1215 317 eum
1239 283 1363 325 fulgore

1001 332 1161 366 castitatis
1194 340 1317 372 amore3

885 381 924 413 V.
952 379 1084 412 Nuntiat
1113 380 1227 411 eximia

1003 427 1132 460 Gabriel
1157 427 1302 459 miranda
1321 427 1454 459 Man'ae.

898 486 929 516 2.
955 484 1129 516 Benedicta
1154 483 1271 515 sterilis

999 532 1038 563 In
1061 529 1268 569 fecunditate,

955 578 1061 610 Mater
1084 576 1254 609 ineffabilis

1004 626 1079 658 Cum
1106 625 1288 665 virginitate

957 672 1083 705 Gaudet
1106 671 1303 703 admirabilis

1001 720 1064 752 Pro
1092 719 1277 759 nativitate3

887 765 922 799 V.
954 766 1096 807 Angelus
1122 766 1297 805 angelicum

1001 812 1181 853 pastoribus
1206 813 1330 844 intonat
1345 812 1506 851 hymnum.

898 871 928 903 3.
957 869 1096 902 Currant
1118 870 1202 909 magi

1003 916 1117 948 stellae
1140 916 1301 959 regimine,

956 964 1075 1004 Regem
1100 965 1256 1003 quaerunt

1002 1011 1110 1042 natum
1141 1011 1180 1042 de
1204 1010 1338 1050 virgine,

956 1057 1151 1089 Profitentur

1001 1105 1105 1136 Deum
1128 1104 1163 1135 in
1186 1104 1324 1144 homine,

959 1151 1085 1184 Gaudet
1109 1153 1211 1182 mater

1004 1198 1062 1230 tali
1085 1198 1255 1238 solamine3

887 1245 923 1278 V.
952 1245 1063 1277 Mente
1086 1244 1154 1276 Deo
1182 1254 1284 1284 prona

1008 1294 1085 1325 dant
1102 1292 1188 1324 trino
1213 1295 1280 1323 tres
1304 1292 1368 1323 tria
1394 1292 1487 1324 dona.

1023 1425 1068 1456 In
1094 1425 1125 1456 2.
1150 1423 1379 1456 Nocturno.

1105 1507 1303 1542 Antiphonae.

901 1574 931 1606 1.
953 1574 1073 1606 Adstat
1096 1584 1115 1606 a
1141 1574 1261 1607 dextris
1286 1574 1397 1614 regina

1006 1622 1082 1654 Cum
1106 1622 1227 1662 ingenti
1250 1622 1375 1662 gaudio,

957 1668 1074 1702 Mortis
1098 1669 1262 1701 subtracta
1285 1669 1378 1700 ruina

1005 1715 1203 1755 Resurgente
1226 1714 1303 1750 filio.

900 1773 930 1803 2.
957 1770 1126 1803 Laetificat
1150 1772 1310 1804 civitatem

1004 1819 1066 1851 Dei
1091 1822 1200 1859 raptus
1223 1819 1368 1859 hominis,

958 1867 1137 1899 Immittens
1158 1867 1390 1906 jucunditatem

1005 1915 1044 1947 In
1069 1923 1124 1946 eor
1146 1916 1258 1947 matris
1282 1915 1425 1955 virginis,

902 1972 932 2004 3.
959 1971 1009 2003 De
1025 1974 1058 2003 te
1084 1971 1169 2003 dicta
1193 1971 1331 2012 gloriosa

1007 2019 1097 2061 Sunt,
1124 2019 1234 2051 civitas
1259 2019 1380 2058 veniae,

959 2067 1059 2099 Donis
1085 2076 1214 2099 manans
1239 2067 1392 2107 gaudiosa

1006 2113 1213 2147 Multiformis
1238 2115 1368 2155 gratiae.

1104 2199 1310 2235 Responsoria.

904 2259 934 2291 1.
961 2257 1156 2291 Dormientis

1008 2314 1152 2338 maerore
1175 2304 1236 2337 filii

960 2354 1108 2386 Sauciata

1009 2405 1058 2433 est
1078 2402 1180 2432 mater
1205 2399 1365 2440 quaerula,
