1652 2615
179 510 217 543 B.

252 221 374 259 Vatem‚
400 222 514 260 implet

298 270 409 299 saneto
429 268 581 312 tripudio,

253 313 307 345 Sic
330 317 465 355 utraque

297 363 399 393 mater
423 370 481 402 per
505 362 603 394 filium

251 407 356 440 Docta
381 411 497 450 cantat,

300 464 380 495 quae
406 455 506 488 dietat
530 458 646 489 unctio.

249 511 346 552 Virga
369 511 460 544 Jesse
481 513 545 552 jam
571 513 678 545 floruit

298 559 435 597 Repleta
459 568 549 591 sacro
574 558 710 599 flamine,

253 605 384 637 Sursum
409 607 458 637 ire
480 615 538 638 nos
565 606 680 647 docuit,

298 652 381 684 Dum
407 653 559 684 montium
585 654 746 685 cacumine

252 699 401 731 Transito
428 699 552 731 domum
576 700 670 738 petiit

298 746 472 778 Zachariae
498 755 566 778 cum
591 746 717 779 lumine.

253 792 307 825 Sol
331 792 364 825 in
389 794 455 825 sole

300 838 460 881 refulgens
487 841 614 873 domina

258 887 488 927 Prophetarum

300 935 448 967 accendit
470 934 597 967 lumina.

370 1008 415 1035 Ad
435 1008 612 1045 Mag-nificat.

218 1093 225 1099 .
255 1065 442 1106 Magnificat
465 1066 650 1098 altissimum

303 1113 400 1153 Virgo
425 1112 510 1145 facto
535 1112 697 1152 miraculo,

254 1160 373 1192 Aroma
396 1160 614 1192 suavissimum

303 1207 422 1239 Gerens
447 1207 480 1237 in
505 1207 625 1238 ventris
650 1206 763 1243 loculo,

255 1253 338 1285 Dum
363 1253 516 1285 canticum
544 1252 757 1284 dulcissimum

302 1301 360 1333 Pio
384 1298 508 1339 profert
532 1301 658 1332 oraculo

256 1348 499 1386 sermonemque
523 1346 733 1387 gratissimum

299 1394 406 1426 Fideli
429 1397 573 1434 praestat
595 1393 722 1433 populo.

313 1516 374 1549 Ad
399 1516 666 1549 Matutinum.

377 1591 522 1618 Invitatm·
525 1592 593 1618 ium.

248 1648 412 1680 Latentem
438 1648 471 1680 in
496 1648 619 1688 virgine

299 1696 459 1728 Christum
483 1695 652 1727 adoremus

250 1742 433 1782 Mentisque
464 1741 632 1773 dulcedine

296 1790 397 1822 Matri
419 1788 600 1829 iubilemus

306 1914 351 1946 In
378 1913 409 1946 1.
436 1912 497 1945 No
513 1916 671 1946 cturno.

391 1988 585 2023 Antiphonae.

191 2048 219 2079 1.
245 2046 297 2079 Ex
322 2055 377 2078 ore
401 2045 569 2078 infantium

293 2094 416 2126 Matres
442 2093 654 2133 illustrantur,

247 2140 361 2181 sicque
384 2140 469 2180 patri
494 2140 631 2174 omnium

295 2188 424 2222 Laudes
452 2189 661 2222 cumulantur,

192 2247 221 2277 2.
250 2245 345 2276 Ponit
368 2246 608 2279 tabernaculum

295 2292 448 2324 Dominus
472 2292 505 2324 in
529 2292 606 2331 sole,

249 2338 331 2371 Dum
359 2338 464 2371 aufert
487 2339 648 2379 piaculum

298 2386 438 2425 Virginis
463 2395 532 2418 cum
555 2386 657 2427 prole.

869 228 900 259 3.
926 224 1089 265 Dominus,
1113 234 1169 257 rex
1193 224 1322 264 gloriae,

972 272 1124 304 Dominus
1147 271 1309 312 virtutum,

927 320 1036 352 Vatem
1062 317 1141 350 facit
1163 319 1258 350 hodie

975 366 1113 406 Virginis
1138 366 1179 398 ad
1202 368 1321 397 nutum.

1061 440 1264 476 Responsoria.

873 498 902 530 1.
928 498 1082 530 Mundum
1106 505 1221 529 vocans

976 545 1017 576 ad
1042 547 1166 584 partum
1191 543 1322 584 virginis

929 590 1018 623 Hora
1043 599 1157 623 coenae

976 638 1150 677 plasmator
1173 637 1317 675 hominis,

929 684 1041 716 Vatem
1065 685 1163 716 mittit

979 732 1018 763 de
1045 734 1152 762 ventre
1178 730 1295 762 sterilis

1025 778 1163 811 Similem
1189 777 1320 817 angelis.

861 824 897 857 V.
927 824 1015 857 Haec
1038 828 1148 857 narrat
1172 824 1310 864 angelus,

978 875 1010 903 et
1034 872 1122 913 virgo
1149 870 1295 905 credidit,

930 920 1027 958 Quam
1050 919 1178 950 mittens
1203 918 1354 949 Dominus

974 965 1160 1005 prophetam
1184 964 1293 996 edidit.

873 1023 904 1055 2.
929 1022 1046 1054 Datum
1071 1022 1192 1061 signum

979 1069 1018 1099 de
1044 1076 1120 1099 cana
1144 1068 1247 1099 sterili

930 1114 1009 1146 Tam
1034 1118 1082 1146 est
1105 1117 1229 1155 gratum

976 1161 1100 1193 Mariae
1126 1161 1250 1201 virgini,

931 1208 1019 1247 Quod
1044 1207 1086 1239 ad
1110 1210 1246 1239 montem

977 1255 1082 1294 pergit
1105 1263 1172 1286 cum
1198 1254 1309 1286 humili

1026 1301 1143 1333 Gressu
1169 1304 1199 1332 et
1224 1301 1304 1335 utili.

860 1348 897 1381 V.
928 1347 982 1381 Sic
1004 1347 1121 1380 festina

977 1395 1117 1427 sterilem
1143 1395 1260 1437 visitat,

932 1442 1035 1475 Verbo
1060 1442 1191 1474 verbum

976 1489 1132 1529 pandens,
1157 1490 1242 1528 quod
1267 1489 1382 1521 latitat.

872 1548 902 1579 3.
930 1545 1067 1579 Verbum
1096 1546 1196 1585 patris

976 1596 1144 1634 postquam
1169 1592 1345 1632 concipitur

928 1642 966 1673 In
991 1640 1106 1679 Maria,

977 1688 1065 1726 prius
1090 1686 1268 1718 ostenditur

933 1734 1145 1773 Praecursori,

979 1781 1051 1812 dum
1077 1781 1164 1821 virgo
1190 1781 1337 1821 loquitur,

1025 1829 1078 1860 Sic
1102 1827 1222 1860 caelum
1247 1827 1407 1866 panditur.

861 1876 896 1908 V.
931 1876 1055 1907 Ventris
1081 1875 1152 1908 alvo

976 1923 1107 1955 verbum
1132 1920 1352 1954 absconditum

929 1972 991 2003 Per
1016 1980 1050 2002 os
1075 1969 1185 2002 matris

976 2017 1093 2051 mundo
1118 2016 1155 2049 fit
1178 2016 1364 2056 pandidum.

986 2113 1033 2144 In
1058 2113 1090 2145 2.
1116 2112 1349 2144 Nocturno.

1071 2185 1268 2222 Autiphonae.

873 2245 903 2278 1.
929 2245 965 2277 In
997 2244 1091 2276 labiis
1118 2244 1248 2283 virginis

978 2290 1090 2323 Gratia
1116 2290 1238 2329 diffusa,

928 2338 984 2370 Fit
1008 2339 1040 2369 in
1066 2341 1177 2369 ventre
1201 2336 1321 2368 sterilis

979 2385 1090 2418 Gratia
1113 2384 1229 2417 infusa.
