1652 2615
729 140 984 176 —131—

281 233 402 266 Christi
426 241 542 265 corona
565 236 685 275 spinea,

280 279 375 320 Crux,
405 280 509 312 claves
534 284 628 321 atque
651 283 770 326 lancea,

275 327 422 368 Acetum,
450 325 503 367 fel,
531 329 713 369 opprobria,

275 374 361 413 Quae
385 374 459 407 tulit
482 374 552 413 ipse
576 376 732 416 plurima3

235 443 242 451 .
273 420 433 453 Maeroris
458 421 554 453 simus
580 423 666 465 socii,

275 467 358 499 Nam
383 469 450 508 ejus
481 477 531 500 res
554 470 713 510 supplicii.

241 567 248 574 .
275 543 383 585 Virgo,
411 547 484 575 tuae
507 544 658 576 lacrimae

326 589 426 622 Nobis
454 590 527 622 dent
553 600 708 632 saporem,

277 635 428 670 Caritatis
453 637 596 676 geminae

321 683 473 724 Ingerant
498 684 645 727 calorem,

273 730 316 762 Ut
341 731 532 771 glutinemur
556 733 681 771 superis

276 778 331 810 Ira
355 778 484 817 placata
509 778 654 813 vindicis.

234 850 240 858 .
273 824 327 856 Sic
351 833 428 857 vere
453 828 549 864 caput
572 827 689 858 teritur

320 872 440 904 bestiae
465 871 610 904 funestae

277 919 372 951 Calce
397 919 538 958 virgineo

323 969 356 997 ut
388 966 497 1005 prodit
522 967 651 998 verbum
679 969 824 1001 caeleste.

242 1065 248 1073 .
277 1040 420 1081 Caiphae
442 1041 476 1072 in
502 1042 582 1073 atrio

272 1089 355 1120 Acto
380 1091 456 1120 tunc
481 1089 612 1120 consilio

275 1134 444 1167 Catenatus
471 1135 606 1176 ducitur,

275 1182 403 1215 Carceri
429 1182 609 1213 detruditur

273 1228 375 1269 Jesus‚
402 1229 512 1260 mundi
535 1229 646 1270 gloria,

272 1276 417 1308 Trahens
441 1284 498 1307 nos
524 1285 543 1307 a
567 1276 679 1309 scoria.

232 1348 238 1355 .
270 1323 367 1363 Virgo
393 1323 493 1355 vellus
518 1323 642 1354 maduit

317 1378 442 1401 sacrum
469 1369 637 1412 Gedeonis,

270 1417 457 1449 Dclibutum
482 1417 590 1449 valide

318 1465 523 1496 lacrimarum
549 1465 650 1496 donis.

328 1597 373 1629 In
401 1599 432 1630 2.
459 1596 516 1628 No
529 1599 690 1628 cturno.

410 1670 606 1706 Antiphonae.

236 1753 244 1760 .
270 1729 367 1768 Virgo
393 1736 485 1769 quem
510 1728 619 1767 genuit

268 1776 395 1815 Ingenti
421 1783 490 1805 cum
516 1775 666 1815 tripudio,

268 1824 379 1855 Palam
405 1821 601 1862 crucifigitur

268 1870 396 1902 Summo
423 1878 490 1901 cum
514 1869 665 1910 ludibrio,

268 1917 322 1950 Sic
347 1920 481 1958 crepunt
505 1920 615 1948 nostra
638 1917 766 1949 vincula

266 1966 391 2006 Agente
416 1965 535 1998 Christi
560 1965 674 2004 gratia.

232 2067 239 2075 .
265 2041 371 2075 Multa
395 2044 459 2074 tam
485 2050 600 2081 aspera

314 2089 392 2122 Cum
417 2091 501 2121 esset
524 2089 679 2131 inaudita,

263 2137 407 2177 Exoptat
430 2137 520 2176 virgo
545 2137 616 2168 exui

312 2184 384 2216 Hac
407 2183 499 2216 labili
523 2183 598 2217 vita.

231 2285 239 2293 .
266 2261 386 2293 Triduo
412 2260 536 2300 squalet
559 2260 686 2291 Mariae

310 2309 425 2340 Facies
450 2308 561 2347 polita,

263 2354 403 2387 Messiae
427 2356 586 2395 supplicia

311 2403 394 2435 Nam
419 2406 509 2434 erant
534 2402 702 2443 exquisita.

1088 235 1295 271 Responsoria.

899 303 929 335 1.
955 303 1059 334 Maria
1083 304 1119 334 ut
1142 302 1264 334 audivit

1002 350 1091 382 Hora
1114 349 1278 380 tertiarum

956 395 1103 437 Crucifigi
1126 396 1292 427 Dominum

1001 443 1145 484 Lingulis
1169 444 1343 482 turbarum,

955 490 1177 530 Purpuratum,
1205 492 1385 522 coronatum

1000 538 1080 570 Eum
1109 538 1181 568 dum
1209 538 1362 577 despexit,

955 583 1046 615 Cruci
1071 592 1225 624 pressum,
1252 585 1346 616 morti
1371 585 1476 616 datum

1000 631 1095 663 Plebs
1120 634 1155 662 ut
1178 631 1262 663 hunc
1287 632 1400 672 evexit,

882 675 921 706 V.
951 678 1083 709 Imbibit
1107 680 1182 709 tunc
1205 687 1279 710 rosa

953 724 1080 756 Rubens
1105 725 1215 756 mortis
1238 725 1404 767 pallorem,

952 771 1094 803 Perdunt
1118 771 1192 802 hinc
1216 772 1364 803 caelestia

954 817 1094 857 Corpora
1119 819 1274 851 decorem.

893 903 925 933 2.
952 901 1061 934 Crucis
1087 902 1258 933 trutinulae

996 949 1079 981 Dum
1106 951 1189 980 esset
1213 958 1370 988 appensus

952 997 1001 1028 Ac
1026 997 1094 1036 jugi
1118 1004 1176 1034 pro
1202 995 1333 1028 foedere

1000 1043 1142 1075 Christus
1168 1046 1325 1081 extensus,

952 1090 1101 1121 Trutinat
1125 1097 1163 1120 ac
1186 1094 1333 1121 numerat

1001 1136 1133 1168 Censum
1158 1136 1346 1176 impensum,

951 1183 1078 1214 Patrem
1103 1185 1139 1213 ut
1162 1183 1260 1214 leniat

997 1230 1126 1262 Scelere
1150 1228 1317 1269 offensum3

880 1275 915 1309 V.
946 1276 1035 1307 Tunc
1059 1276 1185 1316 plauxit
1210 1277 1298 1315 virgo
1321 1277 1450 1319 jugiter,

950 1323 997 1356 Ut
1020 1333 1039 1355 a
1064 1324 1199 1363 patratis
1224 1324 1370 1363 nequiter

886 1378 892 1384 ¹
949 1371 1105 1410 Purgarot
1131 1369 1315 1402 efficaciter.

890 1454 922 1485 3.
948 1454 1051 1486 Natus
1076 1455 1176 1494 pallet
1202 1455 1415 1499 conclavum,

948 1502 1103 1534 Salutaris
1128 1502 1220 1533 nobis
1247 1502 1349 1543 datus.

947 1550 1004 1581 Ait
1027 1552 1128 1580 mater
1153 1549 1313 1581 dolorosa:

950 1596 1045 1628 Plebs
1070 1604 1120 1627 me
1144 1596 1223 1627 tolle
1247 1596 1373 1637 vitiosa,

949 1644 1031 1675 Nam
1056 1643 1182 1674 medela
1207 1646 1256 1674 est
1279 1645 1431 1676 commori

950 1691 1065 1729 Virgae
1090 1689 1181 1722 Jesse
1205 1693 1315 1722 sancto
1338 1690 1419 1723 flori.

878 1736 917 1769 V.
948 1738 1110 1776 Turgente
1135 1737 1245 1768 dolore

950 1784 1023 1816 Non
1048 1784 1162 1816 Noemi
1186 1784 1329 1827 pulchra,

949 1831 1043 1864 Mara
1067 1831 1124 1863 sed
1150 1840 1258 1863 amara

948 1880 1040 1912 Juste
1071 1878 1219 1912 vocitata.

1006 2023 1052 2054 In
1075 2023 1107 2055 3.
1132 2020 1361 2053 Nocturno.

1083 2096 1279 2131 Antiphonae.

889 2166 919 2198 1.
948 2165 1069 2204 Quanto
1095 2163 1289 2196 cruciamine

995 2212 1090 2252 Virgo
1111 2211 1327 2252 perturbatur,

950 2260 1128 2299 Conceptus
1155 2259 1194 2291 de
1216 2257 1343 2290 fiamine

996 2306 1126 2347 Quando
1152 2304 1340 2346 flagellatur,

946 2355 1056 2387 Movet
1080 2355 1167 2386 luctu
1192 2353 1341 2393 quaer-ulo

947 2402 1019 2434 Non
1043 2409 1161 2442 paucos
1188 2409 1205 2432 e
1229 2401 1358 2442 populo.

1289 2455 1305 2483 ἓ)
