1652 2615
728 160 986 195 —202—

953 253 1164 285 Daemonibus
1187 254 1252 293 jam
1278 253 1448 293 oppressis,

997 300 1121 338 jactans
1144 301 1216 331 illos
1242 301 1365 332 curavit.

400 355 445 383 Ad
465 353 641 390 Magnificat.
954 345 1004 376 Ab
1030 347 1172 378 omnibus
1197 347 1398 386 languoribus

1000 391 1154 432 Ipsosque
1177 393 1326 423 liberavit

953 438 1133 477 Priscisque
1156 439 1342 469 sanitatibus

1002 484 1136 516 Cunctos
1160 485 1358 517 instauravit.

354 275 397 305 In
424 274 454 304 2.
481 272 587 311 Vesp
600 272 695 305 eris,

211 421 250 453 A.
283 421 395 452 Manus
420 420 520 460 aegris
544 420 695 458 Galoyrus

325 468 486 508 imponens
513 465 706 505 [imperavit]

283 540 366 566 Brev.
387 538 692 567 Gallicano-Siculum
717 539 785 574 imp.
806 539 936 565 Venetiis
966 536 1046 566 1527.
1073 553 1110 557 -
1135 539 1175 566 In
1203 537 1226 565 1.
1247 540 1353 575 Vesp.
1376 537 1398 566 A
1425 537 1455 572 1,
1482 538 1502 566 4

209 577 292 604 Liesr
317 577 359 603 Ae
388 577 565 603 instructus?
584 590 621 594 —-
641 575 663 602 A
684 576 717 608 2,
737 575 756 603 4
774 576 843 603 Lies
861 576 936 602 hune
956 574 1100 603 foedavit?
1120 590 1157 594 —
1175 575 1197 602 A
1217 575 1251 611 4,
1274 575 1288 603 1
1310 577 1378 604 Lies
1397 578 1500 605 Justus

209 622 322 650 quoque
347 614 415 641 oder
433 614 534 640 Justus
563 614 652 649 quia}
673 628 708 632 —
731 611 753 638 A
772 611 806 646 4,
828 611 845 640 3
865 613 961 640 fehlen
987 613 1049 640 ‹li-ei
1068 613 1184 648 Silben3
1209 615 1331 650 erg'anze
1350 616 1501 650 magnani-

208 652 289 678 mus?
317 665 352 669 —
378 650 423 677 Ad
444 650 541 686 Magn.
563 650 598 684 A,
626 648 644 677 8
663 651 708 677 Ad
735 653 868 677 aeternae
891 652 978 678 vitae.
1002 665 1038 669 ——
1064 651 1115 677 Ad
1134 652 1260 678 Matut.
1285 650 1347 679 Inv.
1372 651 1392 680 4
1410 653 1446 679 In
1472 654 1501 679 te

204 688 356 723 jedenfalls
375 687 591 722 versehrieben3
612 688 667 715 lies
687 690 804 715 cantet?
824 702 859 706 —
873 688 915 715 In
937 686 961 715 1.
976 688 1025 715 No
1036 690 1077 714 et.
1094 686 1114 713 Β
1137 687 1161 722 1,
1182 686 1200 716 3
1220 691 1322 716 saneti.
1346 705 1383 709 -
1399 688 1418 715 Β
1442 687 1466 722 1,
1483 689 1499 715 ’7

206 726 246 753 Et
264 728 304 752 ut.
325 740 360 744 —
388 723 407 751 Β
429 722 464 759 2,
483 724 499 752 5
519 725 604 752 Fehlt
632 726 697 753 eine
717 726 805 752 Silbe.
834 741 871 745 --
893 723 913 751 Β
934 723 965 758 3,
987 723 1003 752 9
1026 725 1088 758 Quo
1109 725 1209 753 Sieuli.
1237 745 1259 748 --
1286 727 1328 753 In
1348 725 1374 753 2.
1395 728 1444 755 No
1455 729 1499 753 et.

209 761 228 788 Β
263 761 290 796 1,
324 761 342 789 2
367 763 454 789 Paret
478 763 535 789 Dei
561 762 620 789 sed.
646 777 682 781 —
709 761 729 788 Β
760 761 794 796 2,
824 760 842 790 8
867 762 1024 798 proficitur.
1053 777 1088 781 —
1117 761 1136 788 Β
1166 761 1197 796 2,
1230 762 1265 790 12
1290 764 1370 791 haec.
1395 780 1433 783 —
1458 764 1500 791 In

207 797 233 827 S.
262 800 362 827 Noet.
388 798 410 825 A
438 797 466 833 1,
492 798 511 826 4
536 800 568 826 in
591 800 693 834 gloria.
718 814 755 818 —
775 799 796 826 A
818 798 850 833 2,
881 797 898 827 3
927 800 1015 827 Secus
1042 800 1199 835 procedens
1225 809 1281 828 ore.
1309 817 1345 820 —
1374 801 1394 828 Β
1422 801 1453 836 1,
1481 800 1499 827 2

207 837 398 871 conjurantur.
427 850 464 854 —
492 834 511 862 Β
545 835 575 869 1,
603 834 620 864 3
646 837 719 864 loeo.
775 853 784 856 -
814 835 833 862 Β
861 836 891 870 1,
921 836 940 864 4
965 837 1068 872 Atque.
1095 854 1132 858 —
1162 836 1182 863 Β
1209 836 1242 871 3,
1272 837 1291 865 4
1315 839 1412 867 fehlen
1436 840 1499 866 drei

207 874 314 901 Silhen.
339 889 374 893 —
402 871 421 900 Β
447 871 477 907 3,
510 873 527 901 5
554 874 666 902 Grutta.
690 889 726 892 —
754 872 774 900 Β
800 872 831 907 3,
857 874 873 901 7
904 875 945 902 Ut
971 874 1101 902 infirmis.
1127 889 1164 893 —
1188 876 1231 902 In
1250 876 1359 903 Laud.
1381 875 1403 902 A
1427 875 1456 911 4,
1480 875 1500 903 4

206 914 386 946 praeunctus.
413 925 449 930 —
477 909 499 936 A
524 909 554 944 4,
582 910 599 938 5
626 913 777 946 praetexit.
805 927 841 931 —
866 910 888 938 A
917 911 948 946 5,
976 909 994 937 2
1013 912 1109 939 fehlen
1129 913 1272 940 entweder
1291 915 1364 941 zwei
1383 913 1494 946 Silhen,

207 948 275 975 oder
295 957 324 975 es
345 950 384 975 ist
403 946 428 981 5,
449 946 466 975 6
487 948 612 983 Fulgens
633 958 669 975 zu
688 949 787 985 tilgen.
821 950 860 976 In
879 947 905 975 2.
918 949 946 976 V
952 957 1020 984 esp.
1041 950 1085 976 Ad
1098 950 1196 985 Magn.
1212 949 1242 983 A,
1266 950 1327 978 1111
1341 953 1445 987 aegris.
1461 966 1498 971 —

206 986 278 1012 Ibid.
300 984 317 1012 2
337 986 482 1021 imposuit.
503 1000 538 1004 -
557 986 615 1013 Die
633 986 828 1021 zugeh'drigen
847 986 982 1021 Hymnen
1005 987 1055 1013 cfr.
1074 987 1159 1015 Anal.
1179 988 1274 1021 XXII,
1296 986 1332 1016 68
1352 997 1395 1024 sq.

652 1057 697 1088 68.
727 1058 770 1088 De
790 1059 895 1088 saneto
916 1058 1045 1089 Donato.

346 1117 361 1148 Ι
370 1126 390 1147 n
416 1116 446 1148 1.
474 1116 499 1147 V
510 1124 526 1146 e
535 1125 550 1147 s
558 1125 578 1155 p
591 1125 607 1147 e
616 1117 686 1148 ris.
946 1118 1144 1150 Exsultando
1172 1121 1337 1151 veneretur

992 1165 1170 1205 Martyrum
1195 1167 1382 1199 constantia.

414 1189 608 1223 Antiphonae.

219 1246 250 1278 1.
276 1247 382 1284 Agens
409 1245 490 1277 diem
514 1244 627 1276 festum
650 1245 718 1277 Deo

324 1291 416 1322 Felix
439 1292 540 1331 gaude
565 1292 693 1332 Civitas,
1004 1285 1049 1315 In
1077 1285 1106 1318 1.
1133 1286 1190 1318 No
1202 1289 1362 1319 cturno.

275 1337 319 1368 Et
341 1347 399 1376 pro
424 1341 596 1376 martyrum
621 1339 772 1377 trophaeo

322 1385 428 1423 Pange
450 1384 559 1415 laudes
586 1384 718 1418 debitas,
1089 1377 1280 1413 Antiphonae.

217 1440 247 1471 2.
273 1440 311 1471 1n
335 1448 395 1478 quo
419 1440 553 1478 primum
574 1439 637 1471 fert
660 1441 809 1472 vexillum
891 1434 921 1466 1-
949 1433 1086 1464 Verbum
1111 1435 1195 1466 Vitae
1219 1437 1353 1468 seminat

275 1485 427 1526 Donatus,
452 1487 592 1526 sequitur
612 1487 701 1518 illum
989 1481 1148 1521 intrepide
1172 1481 1325 1522 Donatus,

322 1532 453 1563 Venusti
479 1534 677 1572 germanitas.
945 1526 1060 1566 Legem
1083 1527 1144 1580 Dei
1168 1530 1315 1561 nuntians

219 1590 249 1621 3.
276 1587 419 1620 Silvanus
445 1590 476 1619 et
498 1588 709 1629 Hermogenes
993 1576 1040 1604 eSf‘
1064 1577 1168 1613 capue
1192 1578 1365 1610 truncatus·

319 1635 365 1665 sie
390 1637 495 1666 mente
518 1637 650 1677 counita,
887 1630 918 1659 2·
942 1628 995 1660 310
1018 1629 1193 1669 triumph&
1213 1632 1279 1670 jam
1305 1633 1472 1675 Venustus,

277 1681 329 1712 Sie
352 1682 583 1720 triumpharunt
606 1683 727 1722 pariter
944 1675 1058 1707 Frater
1083 1677 1159 1716 ejus,
1187 1680 1218 1708 et
1241 1677 1278 1709 fiss
1297 1680 1401 1718 justus

324 1736 391 1759 cum
414 1727 546 1760 Romulo
570 1729 677 1762 levita,
993 1723 1107 1754 Verum
1133 1723 1233 1755 Deum
1258 1727 1456 1764 praedicans.

216 1784 247 1815 4,
278 1784 447 1816 victoriani
471 1785 626 1823 praesidis
888 1778 919 1810 3.
945 1778 1093 1810 Romulus
1139 1782 1213 1819 tque
1238 1781 1383 1814 Silvanus

318 1830 375 1861 hos
399 1839 498 1870 pavor
521 1831 625 1862 nullus
650 1834 763 1872 movet,
995 1834 1032 1857 ea
1054 1829 1157 1857 morte
1180 1828 1361 1866 plectuntur

276 1876 357 1915 Quos
381 1886 460 1908 unus
485 1879 571 1908 tenet
595 1878 724 1917 spiritus
945 1873 994 1903 Ae
1015 1872 1198 1904 invocantes
1223 1874 1391 1907 Dominum

321 1927 352 1954 et
376 1932 452 1955 vera
474 1922 553 1955 fides
580 1923 674 1957 fovet,
993 1919 1179 1951 caelestibus
1201 1921 1385 1961 junguntur.

220 1979 250 2010 5.
276 1979 365 2010 Haec
390 1981 437 2010 est
461 1988 536 2010 vera
559 1978 751 2020 fraternitas,
1248 2013 1254 2019 ,

272 2025 369 2063 Quam
393 2026 518 2065 tyranni
541 2027 730 2064 protervitas
1078 2010 1285 2046 Responsorra.

318 2072 445 2103 Violare
469 2073 620 2112 nequivit,
887 2067 918 2099 1.
944 2065 1068 2097 Nobilis
1092 2068 1203 2099 Austri
1229 2070 1339 2102 civitas

317 2118 378 2150 Sed
403 2118 502 2157 magis
527 2119 690 2151 stabilivit,
943 2112 1081 2145 Devotas
1105 2117 1215 2147 tenens
1240 2119 1367 2150 semitas

992 2159 1150 2200 Martyres
1175 2171 1247 2194 suos
1273 2165 1390 2208 laudet,

335 2212 395 2243 Ad
420 2210 686 2244 matutinum,
943 2206 1041 2244 Quam
1066 2207 1176 2239 horum
1200 2219 1295 2249 prece
1321 2211 1431 2246 feritas

942 2253 1052 2284 Hostis
1076 2257 1171 2294 atque
1194 2260 1386 2295 perversitas

992 2299 1157 2333 Offendere
1181 2312 1240 2335 non
1267 2307 1380 2348 audet3

271 2343 340 2375 Rex
365 2343 507 2375 sublimis
528 2344 687 2384 adoretur,
874 2347 912 2379 V.
942 2346 1118 2381 Civalitana
1139 2351 1221 2389 polis

319 2391 377 2430 Qui
402 2390 522 2422 creavit
544 2392 658 2434 omnia,
994 2395 1033 2426 de
1058 2394 1191 2428 fratrum
1208 2401 1348 2438 germine
1364 2405 1491 2442 gaudet,

406 2284 617 2313 Invitatorium.
