1652 2615
209 231 239 261 2.
268 229 342 261 Cum
366 231 499 268 impetus
523 228 656 261 flaminis

311 277 471 316 Virginem
495 275 669 308 sanctificat

268 324 366 355 Cursu
391 323 472 354 sacri
495 322 630 353 fluminis

313 369 497 408 Prophetam
524 367 681 399 laetificat.

208 453 235 483 3.
265 451 408 482 Gloriosa
433 450 563 481 dicimus

309 498 357 528 De
382 501 423 535 te,
448 499 542 535 porta
566 498 653 536 caeli,

263 543 367 582 Teque
391 543 605 575 benedicimus

310 591 383 621 Cum
409 592 512 619 mente
535 589 631 623 fideli,

393 708 596 743 Responsoria.

203 793 233 826 1.
260 793 458 832 Paupertatis

307 841 459 871 humanae
484 841 579 880 pallio

260 886 447 918 Decoratum

308 933 462 964 dominum
487 934 605 972 gloriae

259 979 466 1019 Recognoseit

306 1026 443 1057 dictante
465 1025 530 1057 filio

255 1072 410 1103 Veterana

305 1119 423 1149 sterilis
449 1119 557 1149 hodie:

193 1164 230 1196 V.
261 1165 353 1197 Unde
377 1164 463 1202 mihi,

305 1211 387 1250 quod
411 1211 451 1242 ad
477 1220 527 1241 me
551 1212 654 1242 veniat

259 1257 317 1288 Dei
342 1260 452 1295 mater,

303 1306 339 1334 ut
361 1303 437 1335 mihi
462 1304 577 1335 serviat
586 1305 601 1333 ‘s

204 1388 234 1418 2.
261 1385 371 1425 Fulget
400 1395 531 1425 sponsus
557 1388 707 1418 ecclesiae

307 1434 340 1465 ln
364 1433 500 1464 thalamo
525 1434 674 1473 virgineo,

260 1478 371 1510 Cantat
396 1482 517 1510 cantum
542 1480 681 1511 laetitiae

304 1525 353 1557 De
375 1529 461 1557 tanto
488 1528 712 1566 consanguineo

256 1571 431 1611 Elisabeth,
458 1581 526 1604 cum
550 1573 643 1604 hodie

304 1618 344 1649 Se
366 1619 467 1657 jungit
493 1620 571 1650 caeli
596 1628 704 1653 cuneo·

189 1664 225 1697 V.
252 1664 415 1696 Benedicit
445 1673 511 1696 cum
537 1666 654 1706 angelis

304 1712 452 1743 Fructum
478 1715 510 1743 et
532 1713 627 1743 vitem
652 1713 780 1753 pariter,

258 1757 373 1795 Quibus
398 1757 434 1789 fit
457 1759 546 1790 nobis
571 1760 693 1790 miseris

304 1805 449 1836 Solamen
473 1805 677 1845 integraliter.

199 1888 230 1918 3.
257 1887 406 1927 Granum,
431 1889 515 1926 quod
539 1890 623 1920 vitae
647 1889 783 1920 moriens

304 1935 453 1967 Fructum
475 1934 587 1966 afferre
611 1938 749 1975 venerat,

255 1980 292 2011 In
316 1981 385 2012 alvo
409 1982 519 2013 matris
544 1982 646 2013 oriens

298 2027 468 2066 Antiquam
492 2028 713 2070 stupefecerat,

254 2072 338 2104 Hinc
363 2073 503 2105 clamitat
526 2075 688 2107 exsiliens:

301 2120 409 2159 Beata,
436 2128 515 2158 quae
540 2122 735 2160 crediderat3

184 2165 221 2196 V.
250 2166 359 2207 Plena,
383 2166 496 2206 inquit,

299 2212 366 2244 Deo
392 2215 422 2244 et
448 2213 580 2254 homine,

255 2259 373 2291 Cuncta
397 2268 527 2292 cernens

298 2306 331 2338 in
354 2307 558 2348 plenitudine,

814 135 858 167 96

990 228 1036 259 In
1063 229 1094 260 3.
1120 227 1350 258 Nocturno.

1074 300 1265 334 Antiphonae.

877 358 906 388 1.
934 356 1095 387 Canticum
1120 364 1234 387 novum
1258 354 1392 385 Domino

981 401 1094 433 Cantat
1118 403 1216 440 plena
1237 401 1348 439 gratia,

931 447 1014 480 Dum
1040 448 1113 478 dato
1138 448 1200 486 legi
1225 446 1358 476 termino

977 493 1067 524 Nova
1090 493 1199 531 prodit
1222 492 1381 530 mysteria.

874 562 904 591 2.
932 558 1059 591 Gaudet
1083 566 1170 588 mons
1194 556 1267 589 Sion
1294 556 1398 594 hodie,

977 605 1014 636 1n
1039 613 1097 643 quo
1124 604 1189 636 vita
1213 602 1400 641 ostenditur,

928 651 1099 684 Exsultent
1121 651 1197 682 inde
1220 648 1314 689 filiae,

976 698 1058 730 Dum
1083 698 1170 737 virgo
1196 705 1310 736 magna
1326 696 1474 736 loquitur,

871 768 901 798 3.
929 764 988 802 Qui
1013 763 1088 794 feeit
1111 762 1278 804 mirabilia,

977 810 1102 842 Novum
1128 809 1261 842 dictavit
1284 809 1452 848 canticum,

929 858 1019 897 Quod
1043 858 1130 897 virgo
1155 855 1328 888 laudabilia

978 905 1039 935 Per
1065 904 1162 935 verba
1189 903 1266 935 facit
1290 904 1475 942 pandidum.

1060 1005 1263 1040 Responsoria.

869 1064 898 1095 1.
924 1062 1015 1093 Felix
1040 1062 1139 1102 virgo,

974 1109 1060 1146 cujus
1086 1110 1211 1141 oraculo

921 1155 1014 1186 Dona
1037 1164 1149 1194 magna

971 1201 1152 1239 panduntur
1173 1203 1308 1241 saeculo,

923 1247 982 1279 Dei
1007 1248 1101 1286 plena

971 1302 1082 1333 magno
1107 1294 1268 1333 miraculo,

1019 1339 1132 1371 Clausa
1155 1341 1288 1379 piaculo.

858 1387 893 1418 V.
924 1387 972 1418 Ex
997 1386 1141 1418 ubertate
1167 1388 1344 1427 dogmatum

925 1433 1041 1464 Fontes
1066 1434 1167 1473 signat
1193 1434 1422 1468 charismatum.

867 1500 898 1530 2.
924 1499 1118 1530 Ascendenti

971 1545 1012 1576 ad
1038 1550 1171 1577 montem
1198 1546 1312 1585 virgini

922 1592 964 1623 Et
990 1593 1126 1623 cantanti

972 1638 1127 1669 canticum
1152 1639 1278 1671 Domini

923 1685 1019 1716 Vates
1045 1686 1208 1728 plaudunt,

971 1732 1022 1770 qui
1049 1731 1165 1763 Christi
1192 1733 1308 1764 nomini

924 1778 1006 1810 Dant
1034 1779 1180 1809 honorem

970 1828 998 1855 et
1023 1834 1141 1856 summo
1168 1826 1312 1865 culmini;

853 1872 890 1904 V.
920 1872 981 1903 Per
1005 1871 1087 1902 hanc
1107 1875 1237 1904 cernunt

969 1918 1084 1948 luctum
1111 1919 1316 1957 praeteritum

924 1964 1150 1996 Commutatum

967 2011 997 2041 in
1026 2016 1150 2043 cantum
1174 2012 1326 2045 inclitum.

865 2077 896 2108 3.
922 2076 946 2108 O
973 2084 1059 2114 spem
1084 2078 1206 2118 miram,
1232 2088 1325 2117 quam
1351 2081 1467 2115 dedisti

967 2122 1173 2155 Decantando
1199 2126 1378 2168 humilibus,

921 2169 1002 2200 Dum
1027 2170 1175 2202 ancillam
1198 2176 1231 2203 te
1257 2173 1365 2205 dixisti

968 2215 1010 2246 Et
1035 2215 1158 2248 beatam
1182 2228 1259 2258 prae
1284 2222 1437 2264 omnibus,

922 2263 1062 2303 Praesta,
1085 2268 1194 2303 mater,
1220 2269 1252 2296 ut
1279 2277 1334 2300 nos
1349 2269 1466 2304 Christi

967 2310 1123 2342 Fruamur
1147 2312 1359 2353 adspectibus,
