1652 2615
784 147 1016 185 ...69—

248 240 287 271 V.
318 238 372 271 Sic
395 242 544 281 templum
570 242 631 275 Dei
652 246 783 284 spiritus

368 287 511 320 Omnium
538 297 648 322 creans
673 292 789 326 artifex

314 333 455 366 Massam
478 336 625 376 perducit
649 340 797 377 primitus

363 381 416 413 Ad
441 392 566 424 purum,
592 393 632 416 ne
656 386 699 416 sit
720 387 765 419 ibi
783 387 866 422 faex.

257 466 289 497 3.
316 465 409 497 Felix
434 476 479 507 es,
504 469 592 507 virgo
618 470 736 512 Maria,

319 511 416 550 Quam
442 515 504 546 sibi
528 516 683 554 sapientia

363 560 498 592 Domum
524 562 713 603 aedificavit,

314 605 362 637 Tu
386 616 476 639 mons
500 609 609 640 domus
636 610 820 652 dominicae,

315 652 412 691 Quem
435 656 588 687 montium
613 657 645 687 in
670 658 791 690 vertice

358 700 513 733 Dominus
540 704 702 735 exaltavit.

239 743 282 779 V.
312 747 352 778 In
374 747 436 780 hoc
459 753 566 780 monte
592 778 601 784 .
628 778 634 784 .
664 778 670 784 .
700 778 706 784 .

313 793 496 827 Convivium
522 797 699 828 vindemiae

308 841 421 873 Faecis
446 844 572 875 omnino
597 845 722 875 nesciae

356 888 443 920 Deus
469 891 589 922 cunctis
614 892 750 930 paravit.

416 1030 479 1062 Ad
503 1030 682 1064 Laudes.

458 1132 652 1168 Antiphonae.

249 1208 278 1239 1.
305 1207 342 1238 In
368 1216 500 1240 aurorae
526 1208 663 1240 diluculo

305 1253 420 1294 Fulget
445 1263 483 1286 ex
508 1258 583 1286 tunc
607 1265 627 1286 a
650 1257 776 1287 saeculo

353 1301 470 1333 Parata
493 1302 555 1334 Dei
581 1303 684 1341 sedes,

305 1348 491 1381 Sanctitudo
519 1350 643 1381 domum
671 1350 727 1382 Dei

303 1395 414 1435 Decet,
448 1398 480 1427 et
502 1398 635 1436 paratur
660 1397 688 1427 ei

352 1442 468 1474 Sancta
492 1451 571 1483 prae
596 1444 717 1474 cunctis
740 1444 846 1475 aedes.

246 1528 276 1559 2.
303 1526 342 1558 In
365 1526 512 1559 laudibus
538 1529 570 1559 et
591 1527 701 1566 jubilis

303 1573 412 1605 Ortum
439 1583 572 1607 aurorae
596 1575 701 1606 rutilis

350 1621 548 1654 Celebrando
577 1622 694 1654 servite

299 1667 434 1700 Domino
461 1678 530 1700 cum
554 1669 686 1709 laetitia,

298 1715 356 1753 Qui
381 1714 506 1754 profert
531 1717 570 1748 de
594 1717 727 1748 materia

346 1762 477 1795 Mortali
502 1762 621 1795 fontem
647 1764 740 1797 vitae.

241 1848 272 1880 3.
298 1846 337 1878 In
362 1850 471 1879 sancto
495 1847 553 1879 tibi
578 1848 671 1886 parui

297 1893 376 1925 Luci
400 1895 556 1936 plaudens
582 1898 614 1925 et
638 1895 721 1926 ortui

346 1942 570 1982 consurgentis
595 1951 737 1983 aurorae,

297 1988 420 2021 Cedant
442 1990 543 2021 noctis
567 1990 726 2031 caligines,

295 2036 392 2079 Deus,
419 2040 455 2068 ut
475 2046 533 2069 nos
557 2037 715 2069 illumines

342 2085 457 2116 Vultus
482 2086 528 2117 tui
552 2085 733 2124 splendore.

940 252 971 282 4.
997 250 1043 281 Te
1068 251 1257 283 benedicant
1281 251 1394 292 omnia,

997 297 1091 341 Deus,
1119 298 1182 329 ritu
1206 302 1359 338 perpetuo

1042 345 1176 384 Magnae
1195 347 1427 387 commotionis3

996 391 1044 424 Sit
1068 392 1235 424 benedicta
1258 393 1359 432 gloria

997 438 1122 471 Domini
1148 439 1188 470 de
1211 440 1279 471 loco
1305 450 1360 472 suo

1042 486 1153 518 Novae
1178 487 1354 519 creationis.

938 571 969 601 5.
992 569 1065 600 Tibi
1086 569 1164 609 laus,
1190 570 1249 601 tibi
1274 571 1384 610 gloria,

995 616 1054 654 Qui
1078 617 1163 647 solus
1189 617 1349 649 mirabilia

1041 662 1175 695 Faciens
1200 663 1363 696 fabricasti

991 711 1149 742 Auroram
1174 711 1242 742 veri
1265 712 1403 753 luminis,

993 756 1117 788 Levans
1143 758 1184 789 ad
1209 758 1356 789 thronum
1382 759 1523 791 culminis

1039 803 1178 835 Hesther
1203 805 1332 844 expulsa
1357 806 1478 840 Vasthi.

1106 905 1155 932 Ad
1173 906 1357 934 Benedictus.

950 1004 957 1010 .
988 982 1178 1014 Benedictus
1203 991 1260 1013 rex
1284 982 1413 1022 gloriae,

991 1028 1049 1067 Qui
1077 1028 1168 1060 nobis
1192 1032 1286 1068 parat
1309 1030 1406 1061 hodie

1037 1075 1091 1107 Sui
1115 1076 1276 1107 lucernam
1301 1075 1390 1115 faciS,

987 1122 1080 1153 Hanc
1104 1122 1263 1153 lucernam
1288 1124 1341 1162 qui
1366 1125 1516 1169 sequitur,

986 1168 1058 1199 Non
1083 1167 1214 1200 offendit
1236 1178 1295 1200 nec
1318 1171 1436 1202 labitur

1033 1215 1114 1246 Luto
1139 1215 1210 1247 viae
1228 1218 1390 1259 procacis3

987 1261 1047 1293 Per
1071 1263 1152 1293 hanc
1177 1263 1269 1294 elisos
1294 1264 1379 1304 erige

986 1309 1150 1348 Pedesque.
1169 1313 1294 1341 nostros
1321 1311 1431 1351 dirige,

1032 1356 1129 1399 Deus,
1151 1356 1184 1387 in
1210 1357 1291 1388 viam
1312 1358 1412 1397 pacis.

1053 1527 1100 1558 In
1126 1527 1156 1558 2.
1184 1527 1397 1566 Vesperis.

1099 1628 1145 1655 Ad
1164 1629 1342 1665 Magnificat.

940 1730 947 1736 .
978 1706 1103 1737 Laudet
1125 1705 1248 1737 Mariae
1275 1707 1404 1746 virginis

979 1753 1108 1785 Culmen
1133 1752 1339 1785 beatitudinis

1026 1799 1132 1831 Omnis
1158 1808 1218 1831 vox
1243 1800 1390 1839 nationiS‚

977 1847 1039 1879 Per
1062 1847 1154 1885 hanc,
1181 1855 1219 1878 ex
1244 1856 1304 1887 quo
1331 1847 1516 1889 concipitur,

982 1894 1080 1925 Verae
1104 1893 1195 1926 nobis
1220 1894 1382 1926 inducitur

1025 1941 1081 1973 Vis
1107 1942 1335 1982 exsultationis,

976 1990 1039 2021 Per
1063 1989 1145 2021 hanc
1168 1987 1344 2021 fecundans
1369 1990 1494 2022 steriles

975 2036 1161 2068 Esurientes
1185 2036 1319 2069 humiles

1023 2083 1173 2124 Implevit
1195 2084 1281 2116 Deus
1308 2084 1408 2117 donis.

301 2187 387 2215 Brev.
416 2197 469 2215 ms.
493 2188 664 2216 Turonense
687 2196 762 2215 saec.
792 2186 834 2215 15.
881 2187 949 2215 Cod.
977 2190 1101 2216 Parisin.
1129 2185 1210 2215 1032.
1239 2203 1276 2207 —
1300 2189 1341 2215 In
1369 2185 1393 2213 1.
1419 2188 1526 2224 Vesp.

226 2225 248 2252 Α
276 2224 306 2258 1,
333 2225 350 2253 5
370 2226 472 2258 Liicke
495 2235 554 2253 von
579 2225 641 2253 drei
660 2225 775 2261 Silben;
802 2227 927 2253 carentis
956 2227 1082 2263 erganzt.
1107 2241 1145 2245 —-
1163 2226 1209 2253 Ad
1227 2227 1326 2262 Magn.
1348 2225 1384 2258 Α,
1412 2223 1426 2251 1
1447 2226 1526 2253 Auro

224 2265 324 2300 surgit.
346 2278 380 2282 —
401 2264 477 2292 Ibid.
498 2263 515 2292 5
536 2271 683 2299 sponsam.
704 2279 743 2283 —
762 2264 849 2291 Iuvit.
872 2262 887 2290 1
904 2264 1025 2291 Domini
1045 2263 1125 2292 fehlt.
1147 2280 1183 2283 —
1196 2264 1235 2291 In
1255 2261 1282 2291 3.
1298 2264 1396 2291 Noct.
1420 2261 1439 2288 R
1461 2261 1487 2296 2,
1508 2261 1526 2289 2

222 2311 275 2338 per
294 2301 374 2329 fehlt.
395 2317 432 2320 —
454 2299 474 2327 R
497 2300 524 2336 3,
545 2300 562 2328 7
582 2301 679 2328 fehlen
698 2302 763 2328 vier
776 2301 885 2329 Silben.
904 2317 942 2322 —
961 2302 1012 2329 Ad
1026 2301 1181 2329 Laudes.
1202 2300 1225 2327 Α
1245 2299 1271 2335 3,
1292 2300 1312 2328 4
1326 2300 1444 2328 &edium
1457 2310 1525 2328 noc-

222 2341 270 2367 tis.
290 2353 328 2358 —
351 2338 373 2365 Α
392 2339 419 2374 4,
443 2339 458 2367 1
478 2341 539 2368 Vos
560 2339 743 2367 benedicant.
762 2354 800 2358 —
819 2340 877 2367 Die
895 2340 1091 2376 zugehiirigen
1111 2340 1248 2373 Hymnen
1267 2339 1348 2366 siche
1367 2339 1451 2366 Anal.
1473 2340 1524 2374 XI,

223 2375 314 2406 34ff.
