1652 2615
230 968 261 999 4.

218 1473 258 1505 A.

228 2335 261 2367 1.

730 159 983 193 *204-

377 256 421 288 In
445 254 671 287 Laudibus.

435 328 627 363 Antiphonae.

252 410 259 417 .
286 385 371 416 Deus
396 383 613 416 fortitudinem

330 432 484 469 J'ustorum
509 429 665 469 probavit,

287 477 403 514 Quibus
427 483 565 506 summae
587 475 706 514 gloriae

332 523 423 554 sedes
451 521 663 560 praeparavit.

287 579 348 610 Per
371 578 427 609 hos
451 577 583 607 invictos
607 577 639 607 in
663 583 761 615 agone

289 624 432 655 Concede
453 623 555 664 nobis,
580 622 655 654 Jesu
678 623 770 661 bone,

330 670 402 702 Tibi
430 670 512 700 laete
535 669 654 699 servire

333 717 378 749 Et
403 716 504 747 caelos
528 716 668 748 introire.

255 797 263 805 .
290 772 391 805 Carne
413 769 573 812 flagellati,

334 819 387 849 Ad
414 816 571 848 Christum
599 817 749 860 sitientes,

287 864 446 904 Martyres
470 863 565 902 beati,

335 911 467 942 Nostras
491 912 624 949 purgate
647 912 778 941 mentes.

288 966 481 998 Benedicant
503 964 669 996 Dominum

335 1013 447 1044 Omnes
472 1011 550 1042 recti
576 1012 680 1051 corde,

956 253 1015 291 Qui
1039 261 1096 292 per
1120 259 1230 291 preces
1254 251 1430 288 martyrum

1004 299 1069 331 Nos
1094 298 1225 329 mundet
1248 307 1267 328 a
1291 296 1395 328 sorde.

899 356 930 387 5.
956 356 1028 387 Jam
1053 354 1213 386 exsultans
1237 352 1329 391 plebs
1353 350 1459 382 fidelis

956 400 1080 431 Laudet
1103 399 1271 430 Dominum
1298 399 1337 429 de
1363 396 1460 429 caelis

1004 448 1065 478 Pro
1089 445 1249 485 triumpho
1273 447 1458 482 martyrum.

1023 557 1067 589 In
1094 558 1125 587 2.
1152 555 1368 595 Vesperis.

1065 630 1114 656 Ad
1131 629 1311 665 Magnificat.

890 691 929 719 A.
960 685 1200 725 Magnificantes
1226 686 1394 717 Dominum

1006 733 1111 765 Hodie
1136 733 1338 763 collaetemur

960 780 1005 811 Et
1025 781 1198 818 martyrum
1221 778 1402 819 suffragium

1007 826 1129 858 Devote
1154 826 1370 865 deprecemur,

959 872 1004 904 Ut
1029 881 1135 904 eorum
1160 872 1277 903 auxilio

1005 919 1077 951 Non
1101 928 1159 957 pro
1189 919 1288 958 culpis
1311 919 1506 957 damnemur,

962 966 1026 998 Sed
1050 966 1083 996 in
1108 965 1236 996 caelesti
1261 966 1340 997 solio

1011 1012 1087 1044 Cum
1111 1012 1234 1050 superis
1258 1012 1420 1045 laetemur.

292 1075 376 1102 Brev.
396 1083 449 1101 ms.
470 1075 648 1102 Civitatense
667 1083 742 1102 saec.
764 1072 807 1100 15.
842 1075 910 1101 Cod.
931 1076 1070 1103 Marcian.
1090 1076 1116 1102 L
1135 1076 1149 1102 1
1169 1074 1215 1102 84.
1235 1090 1272 1094 —
1291 1076 1332 1102 In
1355 1075 1379 1102 1.
1400 1076 1508 1111 Vesp.

218 1113 254 1138 ad
272 1112 368 1147 Magn.
389 1113 488 1139 Prusa.
514 1128 552 1131 —
569 1113 610 1139 In
637 1110 663 1138 2.
685 1113 786 1140 Noct.
809 1110 829 1136 R
850 1110 884 1145 2,
907 1112 923 1139 7
944 1114 1058 1139 animis.
1079 1127 1116 1132 ——-
1134 1113 1174 1139 In
1194 1110 1220 1140 3.
1240 1113 1341 1140 Noct.
1364 1111 1385 1138 R
1408 1112 1421 1140 1
1445 1123 1510 1148 pro-

217 1149 320 1176 saisch.
341 1164 372 1168 —
395 1150 435 1176 In
453 1149 558 1176 Laud.
581 1149 617 1175 ad
632 1149 737 1176 Bened.
753 1147 775 1174 Α
795 1150 954 1184 prosaiseh.
976 1166 979 1170 -
1025 1150 1121 1177 ssiezu
1141 1149 1190 1176 der
1205 1150 1354 1184 Hymnus:
1375 1151 1509 1182 Laetare,

216 1186 286 1212 felix
307 1185 414 1213 Civitas
433 1184 526 1216 (Anal.
547 1186 640 1219 XXH,
665 1184 723 1221 89).

664 1275 709 1306 69.
734 1275 775 1306 De
796 1276 902 1307 sancto
924 1276 1048 1307 Donato.

353 1344 398 1375 In
426 1343 454 1374 1.
482 1344 693 1382 VesperiS.

403 1415 448 1443 Aci
467 1416 644 1452 Magnificat.

288 1473 467 1504 Extollatur

333 1520 367 1550 in
389 1519 517 1551 laudum
541 1520 676 1551 culmine

287 1564 389 1596 Locus
415 1565 516 1596 dictus

334 1621 353 1643 a
375 1612 475 1643 sancti
499 1613 632 1650 nomine,

290 1657 385 1695 Quem
409 1657 525 1690 Donati

334 1704 471 1735 sacravit
493 1705 654 1744 sanctitas,

288 1751 383 1789 Cujus
407 1759 556 1790 praesens

334 1798 424 1829 adest
444 1797 648 1830 sollemnitas.

349 1890 410 1921 Ad
434 1889 642 1922 Matutinu
654 1900 694 1924 m.

416 1953 629 1981 Invitatorium.

288 1999 444 2032 Christum
467 2001 551 2032 vitae
576 2002 759 2033 donatorem

286 2046 476 2078 Veneremur
497 2048 589 2086 juxta
612 2057 739 2091 morem,

285 2093 343 2131 Qui
366 2093 525 2124 Donatum
552 2094 763 2126 confessorem

287 2140 373 2172 Caeli
400 2140 485 2171 vexit
510 2141 551 2171 ad
577 2141 731 2175 decorem.

350 2225 397 2256 In
424 2223 454 2256 1.
482 2224 707 2259 NocturnO.

437 2287 631 2324 Antiphonae.

292 2336 531 2368 Aurelianensis

337 2383 425 2415 urbis
451 2383 490 2415 de
515 2384 634 2416 civibus

957 1345 1099 1377 Donatus
1124 1348 1211 1376 ortus
1238 1349 1287 1377 est

1003 1393 1064 1431 piis
1089 1393 1285 1430 parentibus,

957 1439 1093 1477 Quorum
1120 1439 1291 1477 praesidiis

1003 1488 1035 1515 et
1064 1485 1228 1524 diligentia

958 1531 1055 1563 Sacra
1078 1531 1214 1563 nutritus
1241 1535 1291 1564 est

1002 1579 1035 1609 in
1059 1578 1206 1617 pueritia.

901 1653 933 1683 2.
958 1653 1168 1684 Attendentes

1002 1702 1151 1738 parentes
1176 1700 1279 1741 pueri,

957 1745 1064 1784 Ipsum
1088 1745 1156 1776 Deo

1006 1793 1150 1824 devotum
1174 1791 1254 1835 fieri,

959 1839 1135 1870 Literarum

1004 1885 1135 1917 tradunt
1158 1885 1340 1917 doctoribus

957 1931 1166 1963 Imbuendum

1006 1979 1104 2010 sacris
1130 1979 1286 2017 apicibus.

904 2053 935 2084 3.
960 2052 1138 2083 Instructus
1162 2054 1259 2092 igitur

1008 2099 1123 2130 artium
1147 2101 1261 2131 studiis

963 2144 1094 2176 Carnem
1120 2147 1275 2178 continuit

1009 2201 1029 2223 a
1057 2192 1159 2224 carnis
1184 2193 1279 2236 vitiis,

962 2237 1008 2269 Et
1032 2239 1104 2270 dum
1128 2239 1263 2272 Domino
1286 2251 1321 2273 se

1010 2287 1110 2317 totum
1135 2287 1285 2327 exhibuit,

964 2332 1018 2363 Ad
1044 2332 1120 2364 cleri
1142 2334 1267 2366 titulum

1012 2380 1146 2418 provehi
1169 2383 1292 2416 meruit.
