1652 2615
665 125 919 157 —184—

220 219 326 252 Mater
350 220 449 252 nostri
473 217 647 259 salvatoris,

220 267 349 306 Quando
373 269 495 306 tempus
522 268 569 296 est
594 263 725 306 ardoris,

266 313 289 345 O
315 314 426 345 mirum
451 320 528 352 prae
553 310 681 342 ceteris!

161 379 194 411 3.
219 378 320 409 Roma
342 379 448 415 stupet
472 378 504 407 et
526 376 667 411 miratur,

220 424 303 455 Dum
328 424 382 454 nix
405 423 438 453 in
462 424 581 453 aestate
606 420 699 451 datur

267 469 399 500 Prorsus
422 469 549 507 praeter
572 475 701 506 morem,

223 516 303 553 Quid
328 515 524 554 praetendat,
550 516 586 544 ut
609 513 735 552 sciatur,

221 561 365 594 candens
390 559 446 591 flos
470 561 696 598 interpretatur

262 608 355 638 ‘Vitae
381 607 457 638 dans
483 606 619 637 odorem.

159 675 192 706 4.
218 672 264 706 Ut
287 672 340 703 nix
367 672 438 703 alba
459 672 573 704 leniter

265 717 438 751 Descendit
465 719 504 750 de
527 717 660 757 superis,

219 765 272 797 Sic
300 766 388 805 virgo
412 773 493 803 pura
518 764 651 795 dulciter

264 810 385 843 Infudit
410 811 491 843 dona
513 810 646 842 miseris.

164 878 195 909 5.
221 877 317 915 Quem
340 877 374 907 in
398 877 491 907 terris
517 876 694 907 consolatur

269 921 410 953 Candida
434 922 606 961 virginitas,

222 968 323 1007 Super
346 968 450 999 nivem
476 968 640 1000 dealbatur

268 1014 346 1053 Ejus
371 1015 483 1046 mentis
508 1015 637 1053 puritas.

149 1079 189 1111 R.
216 1079 367 1110 Dominus
393 1087 448 1110 rex.
472 1080 607 1110 onmium

265 1126 328 1157 Vas
353 1125 414 1156 sibi
436 1125 583 1164 puritatis

220 1171 397 1211 Praeelegit
420 1172 540 1209 solium,

268 1217 390 1248 Donum
413 1218 595 1260 majestatis,

222 1263 357 1302 Spiritus
383 1263 562 1305 sacrarium,

268 1309 431 1348 Templum
456 1309 617 1348 trinitatis,

224 1355 268 1388 Ut
293 1359 443 1395 purgaret
466 1355 574 1387 lolium

271 1401 406 1432 Nostrae
429 1401 610 1443 pravitati53

152 1447 190 1479 V.
222 1447 391 1480 Candidior
420 1448 492 1479 nive

270 1497 371 1526 mater
385 1497 431 1524 est
445 1494 522 1525 haec
534 1495 656 1535 virgula
664 1496 684 1528 J
686 1503 764 1526 esse.

222 1539 323 1571 Nimis
348 1540 487 1579 proclive

270 1586 353 1617 Deus
378 1586 430 1617 hie
454 1587 515 1618 sibi
540 1587 670 1618 eontulit
688 1596 764 1620 esse.

338 1677 382 1704 Ad
403 1677 579 1714 Magnifieat.

152 1744 192 1776 A.
225 1744 248 1776 O
274 1744 361 1783 virgo
388 1743 565 1776 christifera

270 1790 370 1821 Nimis
397 1791 551 1829 dealbata,

225 1837 249 1869 O
275 1837 347 1867 vitis
372 1835 546 1879 fructifera,

270 1883 363 1914 Prole
388 1881 565 1925 fecundata,

222 1929 272 1961 Ad
298 1929 424 1961 laudeni
450 1932 495 1962 tui
520 1930 663 1969 nominis,

223 1976 329 2007 Mater
351 1976 411 2008 Dei
440 1977 581 2017 hominis,

270 2021 434 2061 Templum
459 2024 728 2064 praemonstrasti,

223 2068 332 2099 Media
359 2069 430 2099 dum
455 2070 489 2101 in
513 2073 633 2101 aestate

223 2114 314 2146 Nivis
339 2118 515 2147 monstrans
543 2116 697 2148 densitate

271 2160 388 2192 Locum
412 2162 639 2202 praesignasti3

225 2207 369 2240 Colentes
394 2208 472 2240 haec
496 2210 650 2249 prodigia,

271 2254 295 2286 O
320 2257 422 2286 mater
445 2256 600 2296 aevitatis‚

224 2301 296 2332 Due
319 2304 373 2333 tua
396 2311 454 2341 per
478 2303 611 2343 vestigia

271 2348 324 2380 Ad
350 2358 479 2389 regnum
504 2349 666 2383 claritatis.

945 215 1006 247 Ad
1031 215 1300 247 Matutinum.

1023 289 1235 316 Invitatorium.

890 346 1103 385 Imperatrieis
1132 345 1266 376 omnium

890 392 984 423 Festa
1013 392 1150 422 colentes
1175 391 1293 421 nivium

889 438 1056 469 Praedulei
1082 437 1165 467 vocis
1187 436 1288 475 jubilo

888 485 982 516 Nunc
1004 484 1173 522 jubilemus
1197 482 1344 514 Domino.

954 577 1000 608 In
1027 575 1056 608 1.
1085 575 1312 608 Noeturno.

1033 648 1226 684 Antiphonae.

833 707 864 739 1.
891 706 1056 744 Templum
1082 705 1212 745 virginis
1238 705 1350 737 beatae

891 752 955 784 Nix
982 753 1177 784 demonstrat
1199 753 1232 783 in
1258 753 1389 790 aestate,

891 799 992 831 Roma
1018 800 1110 830 datur
1133 799 1165 829 iu
1191 800 1351 837 stuporem

889 845 972 878 'Nive
998 846 1135 877 candens
1159 848 1287 884 praeter
1309 853 1438 876 morem.

833 903 864 933 2.
891 901 961 933 Duo
986 902 1079 932 simul
1104 900 1250 940 opposita

938 948 1048 987 Jungit
1072 948 1182 978 eodem
1206 949 1359 985 tempore,

890 994 1022 1025 Aestiva
1046 1002 1179 1032 namque
1204 996 1348 1025 caumata

937 1040 1030 1071 Stant
1053 1048 1121 1071 cum
1146 1040 1227 1072 nivis
1253 1038 1380 1079 frigore.

837 1097 868 1128 3.
894 1095 1019 1133 Templi
1044 1095 1140 1126 cinxit
1166 1094 1317 1126 ambitum

936 1142 1027 1173 Nivis
1053 1142 1207 1173 densitate

983 1188 1144 1219 Potestate
1170 1188 1287 1227 divina,

893 1234 937 1265 Et
960 1243 1019 1273 per
1042 1235 1152 1273 templi
1177 1234 1313 1273 spatium

940 1280 1022 1312 Solis
1047 1281 1190 1312 claritate

986 1327 1078 1359 Jacet
1101 1328 1165 1369 nix,
1193 1327 1315 1366 pruina.

1026 1401 1231 1436 Responsoria.

836 1457 865 1489 1.
892 1458 945 1489 Ad
970 1457 1119 1488 honorem
1143 1457 1270 1489 inclitae

938 1504 1076 1542 Virginis
1101 1503 1225 1535 Mariae

892 1550 986 1581 Venit
1010 1550 1064 1581 nix
1089 1557 1157 1580 cum
1184 1549 1303 1591 frigore

937 1597 1093 1628 Aestivali
1118 1596 1179 1637 die,

891 1643 992 1674 Roma
1015 1646 1121 1682 stupet
1146 1646 1176 1674 et
1200 1644 1337 1675 laetatur

940 1690 1042 1721 Tanto
1060 1690 1122 1721 Dei
1144 1690 1306 1729 miraculo,

893 1736 1059 1776 Templum
1084 1735 1271 1768 aedificatur

938 1783 1079 1821 Virginis
1105 1782 1162 1813 sub
1188 1784 1288 1817 titulo.

824 1829 861 1860 V,
893 1828 1018 1868 Templi
1041 1832 1200 1861 structura

940 1878 1133 1906 monstratur
1157 1876 1278 1916 virgine
1303 1885 1392 1915 pura.

836 1933 867 1963 2.
891 1930 975 1962 Dum
1000 1933 1069 1962 rota
1093 1931 1168 1962 solis
1192 1931 1329 1964 volvitur

941 1979 979 2009 In
1003 1977 1138 2016 sphaera
1163 1978 1318 2019 virginali,

896 2023 1024 2061 Quando
1049 2025 1143 2055 tellus
1168 2026 1272 2056 uritur

942 2070 1082 2101 Fervore
1106 2071 1247 2106 aestuali,

896 2118 962 2148 Aer
987 2117 1058 2155 gelu
1082 2118 1247 2157 stringitur

942 2163 1192 2203 Supernaturali,

897 2209 1002 2241 Imber
1026 2210 1118 2241 simul
1143 2209 1287 2242 funditur

940 2256 1016 2288 Cum
1041 2265 1122 2296 aqua
1146 2258 1271 2300 uiveali,

828 2303 865 2334 V.
898 2302 994 2344 Signa
1017 2312 1075 2342 per
1098 2303 1221 2336 insueta

944 2349 980 2381 fit
1005 2350 1096 2388 plebs
1120 2350 1323 2392 Romanaque
1346 2353 1443 2388 laeta.
