1652 2615
733 142 989 179 —215-u

284 232 332 261 Ex
361 243 428 262 mss.
458 236 543 265 libris
574 237 739 266 choralibus
770 239 909 267 ecelesiae
939 238 1103 266 Casalensis
1135 239 1167 266 in
1195 236 1340 266 Johannis
1369 237 1503 266 Andreae

208 270 292 306 Iriei‚
320 273 437 307 patricii
460 274 643 302 Tridinensis
667 277 757 309 libro,
784 278 831 304 cui
859 277 978 304 titulus:
1003 277 1048 304 De
1067 278 1166 303 sancto
1188 275 1235 303 Ev
1227 277 1314 310 asio,
1333 277 1502 304 Astensium

207 310 302 344 primo
333 312 468 346 episcopo
495 319 525 339 et
544 315 684 347 martyre,
713 313 878 342 Casalensis
898 314 978 341 urbis
999 316 1135 350 patrono,
1162 314 1327 341 dissertatio
1348 314 1500 341 historico-

208 347 318 374 critica.
350 348 512 377 Mediolani
534 348 654 386 1748OE
658 334 774 378 .'220ff.
795 366 832 370 -—
851 352 913 380 Das
933 352 1136 379 1nvitat0rium
1154 351 1234 379 fehlt.
1246 352 1334 378 —In
1356 350 1380 379 1.
1401 351 1500 378 Noet.

207 382 230 409 Α
251 381 283 416 3,
305 382 421 412 3Justi
447 360 654 415 consecutus-P
652 403 689 407 -—
716 387 734 413 R
762 387 793 422 2,
814 387 831 415 2
859 397 1038 425 p.raeeussor
1061 405 1097 408 —
1120 390 1216 417 Hiezu
1236 388 1333 416 finden
1352 389 1414 417 sich
1434 389 1453 415 1.
1478 400 1498 414 r.

206 423 278 448 zwei
292 422 438 457 Hymnen,
459 424 509 452 der
529 427 604 453 erste
624 426 661 453 ad
674 427 761 459 Vesp.
777 429 806 453 et
818 427 916 454 Noctu
937 427 1118 461 Martyris
1137 428 1256 455 nostri
1277 426 1501 454 celebranda

205 462 327 494 gesta,
361 461 411 488 der
438 462 544 490 andere
574 463 610 490 ad
634 464 764 491 Laudes.
800 464 871 491 Dat
895 464 1108 492 Sedulensis
1134 466 1286 498 eivitas3
1318 463 1401 492 beide
1435 464 1500 491 sind

207 496 292 524 indes
308 498 440 534 jungere,
459 499 692 529 humanistisehe
710 501 861 529 Produete.

647 601 693 631 73.
722 600 766 631 De
786 602 896 631 saneta
916 601 1063 633 Firmina.

955 670 1066 703 Gaude
1089 673 1156 703 tota

1001 718 1041 749 de
1065 726 1138 749 rosa
1160 718 1267 757 rubea,

953 764 1020 803 Qua
1045 763 1165 796 ditatur

999 810 1077 842 felix
1100 811 1236 851 Amelia,

952 856 1051 895 Quam
1074 859 1109 888 tu
1132 856 1267 897 profers,

998 904 1078 937 vivit
1100 904 1134 935 in
1159 904 1293 939 saecula,

345 668 393 700 In
417 668 449 699 1.
474 669 500 700 V
513 677 583 707 esp
595 669 692 702 eris.

421 741 615 778 Antiphonae.

218 797 248 830 1.
274 797 419 830 Firmina
444 799 542 841 virgo,

323 846 451 877 virtutis
476 847 650 889 speculum,

274 891 406 924 Transit
429 891 507 924 felix

321 940 362 971 ad
390 939 469 971 caeli
493 941 616 980 solium,

274 984 371 1025 Cujus
395 995 493 1025 prece

322 1036 428 1065 coetus
452 1032 593 1065 fidelium

273 1078 392 1111 Summi
419 1080 503 1120 regis

317 1127 416 1158 intret
443 1127 475 1157 in
502 1126 660 1166 gaudium.

236 1205 241 1211 .
269 1181 355 1221 Opus
380 1182 523 1214 Firmina

318 1228 395 1260 feeit
417 1228 595 1270 mirificum,

269 1276 322 1309 Ad
345 1277 447 1307 lucem
474 1276 514 1307 de
539 1275 678 1307 tenebris

315 1331 468 1355 revocans
491 1322 634 1366 impium,

271 1369 493 1410 Olympiadem

318 1419 503 1449 convertens
529 1417 570 1449 ad
595 1416 774 1450 Dominum.

234 1495 241 1503 .
268 1472 394 1516 Manus,
421 1482 515 1512 quam
538 1474 625 1504 levat
645 1473 772 1515 impius,

270 1519 342 1551 Stat
364 1519 544 1560 immobilis,
570 1518 707 1551 afflictus

271 1566 418 1599 clamans
444 1567 576 1600 eaeJitus

269 1612 440 1646 Liberatur
464 1614 596 1654 virginis
621 1613 770 1653 precibus

270 1660 316 1691 Et
339 1662 386 1692 sio
409 1670 467 1700 pro
492 1660 558 1693 fide
581 1661 726 1692 moritur.

236 1742 243 1749 .
271 1716 295 1748 Ο
319 1725 413 1756 quam
437 1726 583 1756 magnum
607 1716 802 1756 miraculum,

270 1763 366 1795 Flatu
394 1762 593 1804 confringens
617 1764 748 1805 idolum,

270 1810 309 1841 In
332 1812 497 1851 lutumque
520 1811 725 1851 convertitur,

271 1857 325 1889 Sic
350 1867 492 1891 errorum
517 1857 605 1891 fraus
631 1859 779 1890 vincitur.

234 1939 242 1947 .
269 1913 347 1946 Post
370 1916 418 1947 tot
441 1924 556 1955 magna
579 1915 732 1948 miracula

267 1961 432 2003 Tantaque
458 1962 528 1994 dira
551 1963 706 2003 martyria

272 2009 419 2042 Crinibus
444 2010 533 2051 virgo
558 2011 773 2049 suspenditur,

268 2057 375 2098 Rogas
400 2057 564 2090 adhibitur

268 2104 313 2136 Et
329 2106 377 2137 sio
394 2103 473 2137 felix
491 2106 612 2137 eaelum
629 2104 817 2145 ingreditur.

391 2198 437 2226 Ad
455 2198 633 2235 Magnificat.

198 2257 239 2289 A,
272 2255 393 2297 Gaude,
419 2256 530 2301 Roma,

319 2304 422 2336 ditata
444 2305 556 2345 gloria,

271 2351 334 2382 Tot
358 2353 537 2384 sanctorum

318 2407 413 2438 agens
439 2399 615 2439 sollemnia,

1013 998 1042 1028 A
1054 997 1073 1028 d
1096 997 1362 1029 Matutinum.

1083 1071 1296 1098 Invitatorium.

950 1127 1106 1160 Christum
1131 1136 1237 1167 regem
1262 1128 1381 1167 gloriae

995 1182 1100 1206 omnes
1125 1175 1302 1214 adoremus,

948 1219 986 1251 ln
1010 1221 1161 1252 honorem
1184 1221 1315 1260 virginis

996 1267 1060 1307 ipsi
1081 1267 1262 1306 Jubilemus.

1010 1362 1056 1393 In
1083 1361 1114 1392 1.
1140 1360 1365 1393 Nocturno.

1089 1434 1283 1470 Antiphonae.

917 1515 922 1521 .
950 1491 1110 1523 Praefecti
1134 1499 1249 1532 genere

994 1547 1067 1571 rosa
1091 1538 1305 1580 progreditur,

949 1585 1043 1625 Cujus
1069 1586 1149 1617 odor

994 1642 1053 1672 per
1077 1633 1228 1664 mundum
1253 1634 1425 1673 spargitur.

915 1713 920 1719 .
948 1688 1103 1720 Mundum
1127 1687 1210 1729 fugit

994 1744 1146 1776 spernens
1168 1735 1291 1775 illicita,

947 1782 1050 1814 Deum
1073 1783 1181 1822 pulsat

994 1838 1089 1869 prece
1112 1829 1254 1861 mirifica.

914 1910 921 1918 .
946 1886 1036 1918 Haeo
1061 1888 1241 1918 constanter

994 1936 1163 1974 tyrannum
1188 1934 1326 1976 superat,

947 1981 1033 2013 Dum
1060 1979 1222 2013 ferventer

995 2027 1091 2061 fidem
1116 2028 1291 2060 annuntiat.

1088 2103 1294 2139 Responsoria.

917 2184 923 2191 .
950 2159 1105 2192 Mundum
1132 2161 1232 2192 calcat
1257 2160 1391 2199 pedibus

996 2208 1129 2239 Romam
1156 2207 1386 2246 derelinquens,

948 2254 1086 2287 Deserta
1108 2255 1180 2286 loca
1203 2256 1377 2286 transmeat

997 2302 1164 2341 Obsequiis
1186 2301 1347 2341 insistens,

880 2350 919 2384 V.
952 2349 1071 2381 Mentis
1099 2357 1229 2381 servans
1253 2348 1451 2390 munditiam,

1001 2395 1113 2430 Carnis
1138 2395 1363 2436 virginitatem,
