1652 2615
205 248 236 280 2.
261 245 400 285 Lirguae
424 243 552 275 resolvit
577 243 732 275 vinculum

308 293 445 325 Auditus
470 290 547 321 dans
572 288 720 330 officium,

264 340 358 379 Virgo
381 338 494 370 tollens
519 337 684 368 ossiculum

308 386 407 418 Puero
434 384 510 415 dans
534 383 705 414 remedium

261 434 297 464 In
321 441 405 473 aure,
431 439 534 468 manu,
562 429 667 469 digitis

307 480 424 512 Cruore
447 475 548 508 fracto
570 475 687 507 foetido

263 526 336 557 Velo
360 525 466 564 palato
492 523 625 554 conditis

303 572 368 604 Dat
390 570 553 603 sanitatem
581 569 711 602 concito.

309 688 769 700 ,,,,,,,,,,,,,,

261 736 751 745 ιιιιιιιιιιιιιιι

201 854 229 885 3.
253 852 344 883 Hanc
368 850 450 882 tauri
474 850 612 881 reddunt
635 849 751 880 tumulo

301 898 374 931 Sine
400 896 538 929 ductoris
563 896 679 936 regula,

254 945 297 976 Et
322 943 493 976 confluente
517 943 632 982 populo

302 992 351 1023 Ad
378 989 532 1028 stupenda
556 989 707 1021 miracula

254 1038 408 1070 Laetitiae
431 1035 563 1068 mirifica

300 1085 452 1117 Promunt
476 1085 622 1114 canentes
648 1081 754 1114 famuli

252 1131 394 1162 Laudum
419 1129 589 1168 psallentes
615 1130 737 1160 cantica

298 1179 360 1210 Pro
384 1177 501 1208 virtute
523 1176 676 1207 miraculi.

183 1225 221 1257 V.
252 1224 300 1256 Sit
324 1223 393 1265 tibi,
421 1222 552 1263 Christe,
579 1222 688 1262 gloria,

299 1271 323 1302 Ο
345 1268 430 1310 Jesu,
459 1269 559 1300 dulcis
583 1269 726 1307 Domine,

251 1317 345 1355 Cujus
371 1317 469 1348 claret
492 1316 631 1347 Patricia

191 1457 222 1489 4.
249 1455 320 1487 Jam
345 1456 383 1487 de
408 1454 473 1487 vita
498 1454 680 1493 desperatos

294 1502 390 1541 Virgo
413 1501 511 1531 traxit
536 1501 575 1532 de
600 1510 727 1533 carcere

243 1548 287 1580 Et
310 1558 329 1579 a
354 1547 464 1580 vinclis
491 1548 684 1587 mancipatos

291 1621 436 1627 .....
459 1594 581 1634 misere,

240 1641 378 1679 Quoiam
402 1648 552 1679 percusso
576 1641 677 1672 latere

285 1687 439 1726 Relegata
462 1687 591 1718 miseria

242 1733 303 1765 Suo
331 1734 445 1765 ducatu
469 1742 621 1773 prospere

286 1781 378 1820 Ipsos
406 1779 523 1812 ducens
548 1780 589 1811 ad
614 1782 755 1820 propiia.

170 1827 206 1861 V.
236 1827 399 1859 Horrendi
425 1827 564 1858 claustra
589 1829 725 1860 carceiis

287 1875 383 1916 Virgo
410 1874 545 1905 clemens
570 1876 695 1914 aperuit

239 1922 337 1962 Opem
363 1921 494 1954 ferendo
519 1922 651 1963 miseris,

283 1969 400 2008 Quibus
426 1977 461 2000 se
487 1969 595 2002 ducem
620 1970 741 2004 statuit.

322 2121 369 2153 In
394 2120 626 2154 Laudibus,

380 2223 573 2259 Antiphonae.

180 2301 209 2333 1.
235 2300 306 2331 Lux
328 2299 437 2331 illuxit
460 2299 564 2337 hodie,

233 2346 318 2384 Quae
342 2345 470 2378 reduxit
493 2345 612 2383 gloriae

277 2392 388 2430 Tuum,
415 2399 540 2433 parens,
566 2390 777 2429 praeconium,

805 146 874 182 252
922 168 965 173 —

932 242 982 274 De
1004 253 1063 283 quo
1088 244 1213 277 laudem
1238 244 1416 284 subicimus,

932 289 982 321 De
1006 299 1066 329 quo
1089 291 1222 331 hymnos
1245 292 1465 331 praecinimus,

978 336 1042 369 Tu·
1060 341 1148 369 esto
1172 341 1359 369 nostrum
1377 347 1453 378 gau
1469 357 1478 363 -

1254 385 1273 416 d
1282 385 1294 415 i
1302 394 1323 416 u
1331 394 1373 415 m.

870 469 901 500 2.
928 468 952 500 Ο
982 468 1075 499 decus
1101 476 1216 507 sponse
1241 469 1407 508 virginum,

926 514 1113 546 Nostrorum
1137 524 1263 555 rumpas
1287 515 1449 546 criminum

973 562 1106 593 Vincula
1133 562 1248 601 desque
1271 561 1392 601 perfrui

925 607 1062 639 Nostrae
1084 611 1237 648 patronae
1261 609 1393 649 gaudiis,

926 655 1121 687 Caelestibus
1148 655 1280 696 deliciis,

971 701 1029 733 Da
1070 703 1338 742 supplicanti
1375 711 1472 734 coe-

1247 750 1318 781 tui.

868 833 899 864 3.
928 831 1038 864 Caelos
1063 833 1206 864 ascendit
1229 833 1323 864 bodie

925 878 965 910 Se
989 880 1055 919 regi
1076 880 1210 920 jungens
1234 880 1363 920 gloriae,

969 926 1034 964 Quo
1059 925 1136 958 felix
1161 927 1239 958 haec
1265 927 1304 958 de
1329 935 1460 966 corpore

923 973 1019 1004 Vultu
1043 973 1172 1004 nitentis
1196 974 1310 1005 sideris

923 1018 1049 1050 Summa
1073 1020 1228 1059 quaesivit
1248 1021 1386 1052 aetheris

967 1067 1076 1097 Anni
1136 1075 1313 1099 recurso
1368 1070 1468 1099 tem-

1241 1123 1351 1153 pore

863 1197 893 1229 4.
919 1195 978 1235 En,
1005 1196 1129 1228 accedit
1152 1197 1205 1228 lux
1227 1197 1346 1235 jocosa,

920 1242 991 1274 Nox
1015 1244 1158 1274 ascendit
1181 1244 1359 1286 tenebrosa,

964 1289 1116 1321 Feramus
1140 1290 1250 1322 laudes
1274 1291 1394 1322 numini

916 1335 960 1367 Et
983 1337 1024 1367 acl
1048 1337 1149 1368 instar
1172 1340 1300 1369 nostrae
1326 1338 1414 1370 ducis

917 1382 1089 1414 Induamur
1113 1392 1201 1414 arma
1225 1384 1315 1423 lucis,

966 1428 1130 1460 Cedant
1160 1431 1366 1462 tenebrae
1399 1432 1464 1462 lu-

1239 1477 1349 1510 mini.

858 1558 889 1591 5.
915 1558 956 1590 Et
982 1560 1153 1597 psallamus
1178 1561 1247 1592 nisu
1274 1564 1340 1594 toto

916 1605 986 1646 Ore,
1015 1606 1120 1646 corde,
1145 1616 1232 1648 voce,
1259 1612 1331 1640 voto

963 1653 1035 1685 Jam
1059 1657 1251 1693 properante
1274 1656 1402 1696 lumine,

915 1699 975 1738 Qui
999 1700 1099 1731 vincis
1123 1701 1155 1732 in
1180 1703 1373 1743 martyribus

916 1745 1080 1778 Parcendo
1105 1747 1348 1788 confessoribus,

965 1792 1113 1826 Gloria
1136 1795 1237 1836 tibi,
1263 1796 1447 1832 Domine.

1031 1897 1077 1925 Ad
1096 1898 1279 1927 Benedictus.

843 1974 882 2005 A.
913 1973 937 2006 O
964 1974 1051 2014 virgo
1078 1975 1138 2006 viri
1162 1976 1277 2016 nescia,

960 2021 1059 2062 Virga
1083 2022 1188 2054 virens
1214 2024 1395 2065 virtutibus,

908 2067 1006 2106 Quam
1033 2069 1195 2101 decoravit
1216 2071 1319 2109 gratia

959 2114 1126 2146 Nobilibus
1150 2116 1343 2159 parentibus,

911 2160 949 2191 In
974 2161 1101 2192 caelesti
1126 2161 1246 2192 rosario

957 2208 1005 2239 Tu
1030 2216 1103 2240 rosa
1125 2207 1241 2238 rubens
1265 2208 1412 2251 primula,

909 2253 1025 2285 Juncta
1049 2256 1226 2284 sanctorum
1252 2256 1379 2297 gaudio,

954 2299 1067 2331 Electa
1088 2298 1205 2331 Christi
1230 2298 1359 2344 famula,

908 2345 974 2376 Nos
999 2345 1205 2384 obsequentes
1228 2351 1359 2389 protege

954 2391 1004 2422 Ab
1030 2391 1113 2422 omni
1139 2394 1242 2425 carnis
1268 2397 1397 2438 scelere,
