1652 2615
705 142 749 147 -
800 133 867 155 104
917 141 959 145 —-

201 221 233 253 4.
259 219 379 257 Gaude,
405 219 488 259 quod
512 227 618 251 verum
642 217 742 249 Deum
1000 216 1045 249 In
1072 216 1102 248 2.
1129 214 1342 254 Vesper-is.

260 266 375 298 Natum
399 266 552 297 induxisti
576 265 617 296 ad
642 265 800 303 templum,

259 313 353 352 Quem
373 312 533 344 benedixi-⁴
551 315 626 343 tune
637 311 800 350 propheta.

204 372 234 402 5.
260 368 378 407 Gaude,
410 368 496 407 virgo
524 369 563 399 de
586 366 754 405 triumpho,

260 418 354 453 Quem
382 415 421 445 de
445 414 527 445 tribu
552 413 635 445 Juda
660 413 708 443 leo

259 461 348 492 Fecit
372 469 392 491 a
415 463 515 491 morte
537 458 739 498 resurgendo.

373 533 419 560 Ad
438 533 609 561 Benedictus

187 592 226 623 A.
264 591 400 627 Gaudes,
426 590 531 622 Maria
554 589 673 626 inclita,

259 638 347 676 Quod
371 637 432 676 hie,
459 637 510 676 qui
534 636 621 668 venit
638 636 677 667 de
694 636 802 674 Bosra,

262 684 370 716 Victor
395 683 530 715 existens
554 682 668 714 nobilis

262 730 415 762 Ascendit
438 738 571 770 regnans
595 730 628 760 in
654 730 758 761 caelis.

263 777 329 809 Fae
358 777 447 808 nobis
473 777 554 808 hune
578 776 757 817 propitium,

261 823 310 855 Ne
336 823 482 855 cadamus
507 824 539 854 in
565 823 757 855 barathrum.

267 889 351 915 ssrw.
375 896 428 914 mu.
447 889 632 915 Trebonense
654 895 728 915 saec.
750 886 794 914 15.
835 886 903 913 cod.
923 886 1044 921 angen.
1063 885 1106 912 V]
1125 885 1148 912 F
1168 883 1213 912 20.
1234 884 1267 911 A.
1287 900 1324 904 —
1346 885 1481 911 Viatieus

193 926 349 952 Mis-nensis
371 926 436 960 imp.
453 925 572 960 Lipsiae
595 922 674 951 1502.
690 925 723 952 Β.
794 924 896 951 Diurn.
909 923 1057 950 Misnense
1076 923 1144 957 imp.
1159 923 1279 957 Lipsiae
1301 920 1380 950 1511.
1397 923 1428 950 O.
1443 936 1482 941 -—

192 963 273 989 Brev.
307 964 445 990 Misnons«
481 964 549 998 imp.
578 962 697 996 Lipsiae
727 961 760 996 (¹?)
789 959 868 988 1517.
898 961 935 987 D.
968 976 1005 980 —
1033 959 1076 986 Iu
1104 958 1129 987 2.
1154 961 1252 988 Noct.
1284 958 1330 985 ΑΑ
1363 959 1377 987 1
1407 969 1435 987 u.
1462 957 1480 984 2

191 1000 346 1034 prosuae-h.
373 1014 407 1017 —
427 999 472 1026 Ad
492 999 596 1027 Bened.
621 997 658 1033 Α,
680 998 696 1026 5
717 1000 776 1026 Fae
795 1006 847 1024 nos
867 997 944 1024 hune
962 998 996 1024 A.
1016 1010 1053 1014 -—
1078 997 1120 1024 In
1144 995 1170 1023 2.
1190 998 1297 1032 Vcsp.
1326 997 1362 1024 ad
1380 998 1479 1033 Magn-

191 1035 229 1071 Α,
257 1035 273 1063 9
293 1038 408 1072 Fungar
432 1035 462 1063 in
485 1038 621 1073 perpetuo
645 1036 754 1064 ABCD.
774 1049 813 1054 -—
839 1035 949 1062 Hierzu
968 1035 1017 1062 der
1035 1034 1186 1068 Hymnus:
1213 1034 1315 1063 Gaude
1335 1035 1479 1062 sideribus

191 1077 281 1101 mater
301 1083 374 1110 quae
393 1075 517 1110 imperas
536 1074 629 1109 (Anal.
650 1073 699 1107 IV,
721 1071 764 1107 58]

647 1154 694 1184 54.
726 1154 767 1185 De
790 1152 913 1184 Gaudiis
934 1153 1020 1184 BMV.

867 1222 905 1255 R.
937 1222 1055 1260 Gaude,
1085 1222 1179 1253 decus
1204 1222 1365 1262 eeclesiae,

936 1270 1041 1301 Mater
1065 1268 1311 1310 misericordiae,

937 1316 1033 1356 Virgo
1056 1315 1142 1345 mitis
1165 1318 1199 1346 et
1220 1316 1365 1355 benigna,

938 1361 1013 1393 Sola
1036 1361 1127 1402 bona,
1157 1362 1225 1393 sola
1250 1362 1345 1402 digna

939 1407 1028 1440 Omni
1052 1408 1147 1441 laude
1172 1411 1203 1440 et
1226 1408 1345 1440 honore

938 1454 1027 1487 Omni
1051 1455 1119 1486 loeo
1145 1458 1177 1486 et
1199 1458 1351 1494 tempore.

867 1502 904 1532 V.
934 1503 1000 1534 Fac
1024 1501 1065 1532 ad
1089 1504 1230 1534 nostrum
1254 1503 1401 1535 solatium

939 1548 1096 1579 Dilectum
1122 1549 1168 1579 tui
1191 1549 1273 1580 uteri

1046 298 1091 325 Ad
1110 298 1288 334 Magnificat.

858 356 897 388 A.
930 355 1051 394 Gaude,
1078 355 1160 394 quod
1187 357 1313 386 sanctos
1337 359 1468 392 superas

929 403 967 434 In
987 402 1057 440 hoe,
1084 401 1167 440 quod
1189 400 1313 432 Christo
1330 400 1478 438 imperas,

930 449 977 481 Ut
999 450 1111 487 potens
1135 451 1236 478 mater
1260 444 1337 484 filio,

929 495 974 526 Et
997 493 1081 533 quod
1102 496 1156 524 tua
1180 492 1281 532 gloria

930 541 1002 572 Non
1027 539 1248 571 terminabitur
1268 539 1301 570 in
1326 540 1460 571 saecula.

930 588 998 619 Deo
1023 595 1080 618 nos
1104 586 1284 625 reconcilia,

931 635 1016 673 Quae
1040 636 1142 666 mater
1167 642 1200 665 es
1224 635 1256 663 et
1278 632 1354 672 filia,

933 682 978 714 Ut
1000 689 1056 712 nos
1081 683 1135 711 tuo
1160 679 1274 720 gaudio

933 729 1088 760 Fruamur
1109 727 1140 758 in
1166 728 1328 766 perpetuo,

932 775 1009 814 Tuo,
1042 773 1174 813 Christe,
1201 773 1296 805 nimio

931 820 1047 852 Muniti
1070 821 1257 859 patrocinia

331 1224 376 1255 In
402 1225 430 1254 1.
457 1222 673 1261 Vesperis.

413 1287 605 1321 Antiphonae.

213 1346 241 1377 1.
268 1344 389 1382 Gaude,
414 1344 523 1382 regina
546 1342 671 1384 nobilis,

267 1391 361 1430 Virgo
386 1390 652 1428 incomparabilis,

267 1437 351 1468 Rosa
373 1445 512 1467 rosarum
539 1436 675 1467 omnium

265 1484 309 1515 Et
330 1483 467 1514 liliorum
491 1483 601 1514 lilium.

209 1542 240 1572 2.
267 1539 387 1580 Gaude,
411 1539 499 1578 virgo
526 1539 716 1578 dulcissima,

269 1586 361 1624 GUJ'US
388 1593 499 1624 COYPUS
525 1589 556 1616 θῐ
579 1585 682 1616 anima
939 1594 1125 1626 Nostrorum
1149 1604 1273 1635 semper
1298 1597 1437 1628 cordium

267 1632 431 1672 Singulare
458 1631 651 1671 miraculum,

267 1678 491 1710 Miraeulorum
515 1678 685 1718 speculum.

234 1761 240 1767 .
268 1735 387 1777 Gaude,
415 1735 501 1773 enjus
527 1734 649 1773 eloquia

270 1781 349 1814 Sunt
373 1781 454 1813 sicut
477 1782 561 1812 mala
584 1789 690 1820 aurea,

266 1828 310 1860 Et
334 1828 421 1867 euJus
445 1831 546 1859 motus
570 1828 665 1859 animi

268 1875 408 1907 Vincunt
431 1875 559 1906 odorem
584 1874 726 1908 balsami.

269 1930 389 1969 Gaude,
416 1931 502 1969 cujus
527 1929 673 1970 operibus

265 1978 436 2017 Tamquam
462 1978 550 2008 stolis
574 1976 732 2016 regalibus

267 2024 357 2054 Nitet
381 2031 492 2062 eorpus
518 2023 676 2062 ecelesiae,

267 2071 406 2102 Vestitur
430 2078 485 2101 rex
507 2069 658 2109 justitiae.

230 2153 236 2159 .
264 2126 384 2167 Gaude,
410 2126 496 2165 virgo
522 2125 675 2166 amabilis,

265 2173 345 2205 Tota
371 2172 603 2213 desiderabilis,

266 2220 316 2255 Da
342 2219 431 2251 nobis
458 2219 647 2251 desiderium

266 2266 405 2299 Videndi
429 2268 461 2297 te
485 2269 517 2297 et
539 2265 648 2304 filium,

265 2315 311 2347 Ut
334 2315 441 2345 nostro
468 2313 624 2345 desiderio

264 2361 379 2393 Vestra
403 2361 534 2393 accedat
558 2360 644 2392 visio.

938 1641 1026 1673 Totis
1050 1641 1197 1674 medullis
1220 1643 1328 1676 inseri.

1054 1705 1099 1732 Ad
1114 1706 1292 1742 Magnjficat.

903 1781 909 1787 .
939 1753 1060 1791 Gaude,
1085 1757 1229 1787 matrona
1253 1756 1380 1800 caelica,

938 1800 1135 1833 Exsultando
1160 1801 1324 1842 magnifica

939 1848 1040 1879 Deum
1066 1850 1151 1878 tuum
1177 1849 1356 1890 salutarem,

939 1895 997 1933 Qui
1022 1898 1054 1926 te
1078 1893 1155 1925 fecit
1178 1896 1378 1935 singularem.

938 1942 985 1973 Tu
1010 1941 1156 1973 ancillam
1180 1942 1256 1974 Jesu
1282 1944 1400 1976 Christi

939 1988 985 2019 Te
1008 1988 1114 2019 vocari
1137 1989 1274 2031 voluisti,

939 2034 1011 2075 Sed,
1037 2037 1073 2065 ut
1097 2035 1190 2067 docet
1211 2037 1263 2067 lex
1290 2037 1407 2081 divina,

938 2082 986 2113 Tu
1009 2082 1109 2120 ipsius
1134 2091 1167 2114 es
1192 2083 1326 2124 domina,

936 2128 1018 2160 Nam
1040 2128 1091 2167 jus
1111 2129 1208 2161 habet
1232 2132 1264 2160 et
1287 2132 1368 2164 ratio

939 2175 1074 2207 Matrem
1101 2184 1248 2214 praeesse
1271 2176 1356 2218 filio;

939 2222 1024 2262 Ergo
1054 2230 1110 2253 ora
1133 2224 1321 2263 suppliciter

939 2268 983 2300 Et
1006 2269 1155 2309 praecipe
1178 2271 1363 2311 sublimiter,

938 2315 982 2348 Ut
1005 2324 1061 2347 nos
1085 2316 1118 2347 in
1142 2319 1251 2350 mundi
1277 2328 1409 2359 vespera

938 2363 992 2395 Ad
1016 2371 1113 2403 regna
1139 2365 1234 2399 ducat
1257 2374 1382 2406 supera.
