1652 2615
728 175 985 209 —166—

224 275 256 305 2.
283 272 402 312 Gaude,
428 280 506 311 quae
529 272 581 311 pio
608 270 669 303 filio

284 320 322 351 In
345 319 491 360 virginali
516 318 631 357 gremio

280 366 409 397 Dulcem
434 364 564 403 infigens
590 364 711 395 oculum

280 412 380 443 Suave
406 411 521 442 dedisti
545 411 693 441 osculum.

223 470 254 501 3.
279 467 404 499 Exaudi
429 468 538 496 nostra
563 466 700 497 carmina

275 514 357 545 Aeta
383 512 488 545 delens
513 512 694 551 peccamina

277 560 321 591 Et
344 560 426 591 bona
450 558 586 590 reddens
612 558 747 597 perdita,

278 607 302 638 O
327 608 505 638 sanctorum
527 605 733 638 sanctissima.

411 675 615 714 Responsoria'.

223 738 253 769 1.
280 736 497 768 Sacratissima
521 736 685 775 virginum,

279 783 453 822 Corruptae
476 783 588 813 mentis
613 783 734 815 oculum

277 831 315 862 In
338 834 370 861 te
392 829 439 861 rei
466 828 626 869 defigimus

275 876 317 907 Et
341 876 464 915 protegi
490 876 694 915 deposcimus

207 922 243 955 V.
273 923 319 954 Te
343 922 490 962 lacrimis,
516 923 661 963 precibus

324 972 456 1000 matrem
479 969 606 1008 pietatis
630 970 761 1001 adimus.

221 1027 252 1058 2.
278 1025 302 1057 O
326 1034 397 1064 spes
422 1027 530 1055 nostra
555 1027 585 1055 et
609 1026 766 1067 gaudium,

278 1071 442 1111 singulare
464 1070 628 1111 refugium,

280 1118 304 1149 Ο
329 1119 397 1149 sola
421 1118 505 1148 salus
531 1119 664 1149 omnium

281 1164 327 1195 Te
352 1167 436 1195 caste
463 1164 667 1203 diligentium,

208 1211 247 1243 V.
277 1210 379 1250 Salve,
407 1210 560 1242 salvatrix

326 1260 357 1287 et
380 1258 540 1295 lapsorum
563 1258 744 1290 relevatrix.

224 1313 253 1344 3.
282 1312 402 1352 Gaude,
428 1320 534 1351 regma
558 1316 756 1355 praepotenS‚

280 1359 420 1390 Aeterna
447 1358 517 1389 luce
540 1360 730 1401 praenitens³

282 1405 402 1446 Gaude,
430 1405 584 1436 caelorum
612 1406 746 1449 domina,

281 1452 305 1483 Ο
331 1452 484 1491 virginum
509 1452 730 1493 pulcherrima,

281 1499 305 1530 O
336 1498 640 1540 misericordissima,

282 1544 393 1577 Gaude
420 1545 550 1582 perenni
573 1546 681 1584 gloria.

210 1591 246 1624 V.
277 1591 344 1622 Fae
366 1600 423 1623 nos
447 1591 560 1622 laetari

328 1637 500 1677 faciemque
523 1640 607 1669 tuam
632 1639 786 1678 speculari

280 1684 409 1716 Plenam
433 1685 559 1716 virtutis

328 1730 501 1763 dulcedinis
528 1733 559 1762 et
582 1732 719 1771 pietatis.

789 1665 796 1680 2

367 1845 410 1875 In
439 1842 664 1875 Laudibus.

419 1916 610 1952 Antiphonae.

220 1975 251 2007 1.
279 1974 303 2005 Ο
327 1977 428 2005 mater
451 1974 533 2013 regis
559 1973 625 2015 filii,

279 2021 372 2059 Cujus
397 2020 485 2059 regni
508 2029 571 2051 non
596 2024 644 2052 est
667 2021 748 2062 finis,

278 2067 371 2098 Felix
397 2066 463 2098 dies
489 2070 574 2098 ortus
597 2069 654 2107 tui,

280 2113 346 2151 Qua
367 2113 500 2145 illuxisti
525 2114 668 2147 saeculis.

221 2171 250 2201 2.
278 2170 340 2202 Per
363 2171 395 2200 te
421 2168 526 2200 divino
547 2169 648 2208 J'ubilo

279 2216 451 2256 Jungamur
476 2216 555 2247 caeli
578 2217 675 2259 asylo,

279 2264 343 2302 Quo
370 2266 471 2294 tecum
496 2262 572 2295 Jesu
596 2264 729 2296 Domino

277 2310 435 2342 Fruamur
458 2311 526 2341 sine
548 2311 691 2343 termino.

220 2369 250 2400 3.
276 2366 423 2399 Laudent
446 2369 478 2397 te
502 2370 609 2398 nostra
633 2367 726 2411 labia,

280 2414 304 2446 Ο
329 2415 417 2455 virgo
442 2414 662 2455 sacratissima,

880 1312 918 1344 R.

953 270 1011 308 Qui
1036 269 1212 302 velamento
1234 272 1357 301 tuarum

952 316 1045 347 Nune
1071 316 1261 348 exsultamus
1286 317 1414 347 alarum.

918 395 926 402 .
953 372 1091 410 Caelum,
1117 379 1204 401 mare
1228 373 1260 401 et
1283 371 1373 402 arida

951 418 997 448 Te
1020 416 1220 456 benedicant,
1247 417 1382 456 domina,

950 463 1080 502 Nosque
1104 465 1135 492 et
1159 465 1269 493 nostra
1292 463 1397 493 omnia

949 509 1090 540 Benedic
1115 511 1147 539 et
1170 507 1341 540 sanctifica.

951 565 1138 597 Oollaudent
1161 563 1264 595 Deum
1288 564 1393 595 omnia

949 612 987 644 In
1014 615 1116 644 matre
1139 611 1362 654 sacratissima,

951 659 1045 698 CuJ‘us
1071 658 1171 691 amori
1198 658 1337 690 debitum

948 706 1164 738 Persolvimus
1190 705 1383 745 obsequium.

1061 779 1106 807 Ad
1126 779 1310 807 Benedictus.

949 838 972 870 O
1000 837 1179 877 angelorum
1202 837 1312 876 gloria,

950 885 974 916 Ο
999 884 1127 923 pietatis
1151 884 1284 922 viscera,

949 930 1086 962 Subveni
1110 930 1210 969 nobis,
1239 931 1374 970 domina,

951 978 1049 1009 Plena
1072 977 1299 1015 misericordia,

949 1025 1007 1063 Qui
1039 1024 1183 1056 sedemus
1207 1024 1240 1055 in
1265 1025 1404 1057 tenebris

948 1072 1001 1102 Ad
1025 1074 1057 1102 te
1083 1071 1212 1102 directis
1237 1071 1345 1104 oculis

1069 1182 1147 1215 Per
1172 1184 1316 1215 Horas.

1089 1256 1134 1283 Ad
1152 1257 1290 1284 Tertiam.

949 1312 1051 1352 Salve,
1077 1315 1170 1352 porta
1194 1314 1271 1353 poli,

994 1368 1052 1398 per
1069 1369 1159 1399 quam
1176 1360 1231 1391 lux
1245 1361 1407 1399 splenduit
1418 1361 1487 1392 orbi

950 1404 1015 1437 Fer
1039 1407 1093 1445 pia
1119 1407 1239 1437 devotis

997 1453 1148 1484 auxilium
1173 1452 1309 1486 famulis.

1489 1387 1497 1403 7

1099 1526 1145 1553 Ad
1165 1527 1290 1554 Sextam.

947 1583 1049 1622 Salve,
1077 1583 1273 1625 christifera,

997 1631 1125 1662 caelesti
1148 1640 1278 1663 munere
1304 1633 1407 1676 digna,

881 1678 919 1708 V.
952 1677 1016 1709 Ora
1039 1686 1097 1716 pro
1123 1676 1259 1718 famulis,

997 1733 1014 1755 0
1040 1724 1217 1765 benedicta,
1242 1726 1316 1757 tuis.

1092 1798 1138 1824 Ad
1157 1798 1278 1826 Nonam.

951 1853 1053 1895 Salve,
1079 1854 1194 1895 Maria,

996 1901 1051 1932 lux
1076 1904 1107 1933 et
1130 1903 1238 1933 mundi
1265 1904 1400 1944 domina,

948 1947 1031 1979 Nato
1056 1951 1108 1979 tuo
1131 1957 1187 1979 nos

1000 1995 1169 2026 elementer
1195 1996 1336 2029 concilia.

1015 2098 1062 2129 In
1089 2099 1118 2129 2.
1145 2097 1361 2138 Vesperis.

1063 2170 1109 2198 Ad
1128 2171 1305 2207 Magnificat.

948 2229 1028 2268 Ave,
1054 2229 1166 2260 summi
1187 2231 1270 2270 regis
1295 2242 1421 2274 sponsa,

948 2276 1046 2315 Virgo
1072 2277 1104 2307 et
1127 2279 1237 2318 mater,
1266 2280 1402 2318 gloriosa

951 2322 1114 2354 Caelorum
1139 2324 1257 2365 regina,

949 2369 1093 2402 Pretiosa

950 2417 1095 2449 Paradisi
1120 2427 1202 2458 rosa,
