1652 2615
693 691 715 722 1.
748 692 790 723 Dc
813 700 838 724 s,
859 692 1019 724 Trinitate.

347 777 392 809 In
420 777 451 809 1.
478 779 692 817 vesperis.

421 851 615 887 Antiphonae.

233 935 240 942 .
267 908 431 941 Laudetur
455 918 577 941 summa
600 911 736 951 trinitas,

265 956 427 987 Adoretur
453 957 638 996 aequalitas,

312 1002 381 1033 Nec
409 1003 512 1035 unitas
536 1004 676 1042 tollatur,

265 1049 406 1081 Colenda
439 1052 487 1081 est
510 1051 657 1091 identias,

263 1096 353 1127 Haec
377 1096 420 1127 sit
443 1097 520 1127 licet
543 1097 738 1139 pluralitas,.

310 1142 401 1174 Haec
424 1143 457 1174 in
482 1143 553 1183 ipsa
577 1143 735 1177 credatur.

229 1243 236 1250 .
265 1216 437 1249 Credamus
466 1218 655 1258 testimonio,

263 1264 352 1303 Quod
377 1267 470 1304 pater
495 1264 597 1296 fertur
620 1264 686 1297 filio

310 1312 372 1344 Per
395 1320 503 1343 vocem
527 1312 687 1354 tribuisse,

263 1359 353 1390 Patri
376 1361 469 1390 natus
496 1359 694 1399 complacuit,

263 1405 441 1437 Paraclitus
465 1406 627 1445 perhibuit

310 1453 348 1484 1n
377 1461 471 1484 carne
491 1454 574 1485 hunc
597 1454 728 1486 venisse.

228 1552 235 1559 .
261 1527 398 1559 Firmati
423 1528 519 1560 verbo
545 1528 672 1560 Domini

262 1574 345 1606 Sunt
369 1575 458 1613 coeli,
485 1575 538 1615 qui
563 1578 636 1607 sunt
659 1577 777 1608 homini

309 1621 392 1664 Vita,
418 1622 473 1653 lux
499 1625 531 1653 et
555 1625 693 1663 ornatus,

261 1667 323 1700 Est
346 1669 410 1699 oris
437 1669 503 1707 ejus
528 1670 659 1710 spiritus

261 1714 419 1745 Virtutem
444 1724 566 1747 omnem
592 1717 722 1748 coelitus

308 1761 428 1793 Eorum
453 1765 611 1801 operatus

227 1863 234 1869 .
261 1837 299 1869 In
320 1837 466 1877 personis
490 1838 569 1870 nihil
593 1839 691 1882 prius,

259 1883 349 1915 Nihil
373 1884 406 1916 in
430 1885 480 1918 his
504 1886 673 1925 posterius,

306 1932 370 1964 Par
396 1935 445 1963 est
468 1932 570 1964 tribus
595 1936 745 1973 potestas,

257 1980 296 2011 In
322 1979 371 2010 his
396 1989 460 2011 una
486 1980 644 2021 divinitas,

258 2025 444 2066 Coaequalis
469 2028 648 2071 aeternitas,

306 2073 484 2108 Coaeterna
506 2076 666 2115 maJestaS.

222 2175 229 2181 .
255 2149 326 2181 Lux
352 2150 546 2189 sempiterna
570 2152 661 2184 radio

256 2196 367 2237 Gignit
389 2198 459 2230 sine
482 2198 640 2238 principio

301 2245 419 2279 Filium
446 2246 657 2288 coaequalem,

256 2292 357 2327 Simul
382 2293 564 2333 producunt
588 2294 727 2334 tertium,

252 2339 364 2372 Fontis
391 2343 423 2371 et
447 2340 526 2372 lucis
551 2339 691 2381 fluvium,

305 2387 364 2419 His
392 2388 700 2423 consubstantialem.

1072 779 1118 807 Ad
1136 778 1313 815 Magnificat.

884 838 924 870 A.
955 838 979 870 O
1002 837 1071 870 fons
1092 837 1275 879 sapientiae,

999 884 1049 916 De
1077 893 1138 924 qua
1162 886 1268 915 manat
1290 883 1383 924 filius,

958 930 1089 963 Gemina
1113 930 1167 961 lux
1188 931 1315 971 gloriae,

1001 978 1095 1010 Unde
1119 975 1189 1008 fluit
1211 978 1333 1017 tertius,

1049 1023 1176 1064 Spirant
1201 1024 1284 1055 hunc
1308 1033 1444 1056 amorem

952 1071 1023 1102 Lux
1046 1072 1167 1110 primae
1190 1071 1330 1109 notitiae,

1002 1117 1099 1148 Lucis
1124 1126 1263 1149 summae
1286 1118 1404 1159 radius,

951 1165 982 1195 A
1007 1164 1119 1203 quibus
1145 1164 1276 1195 deliciae

997 1210 1178 1243 Procedant
1200 1213 1237 1241 ut
1259 1209 1381 1252 fluvius,

1045 1257 1197 1290 Fundunt
1220 1258 1303 1289 hunc
1329 1259 1473 1293 calorem.

1016 1352 1077 1384 Ad
1102 1351 1362 1386 Matutinum.

1079 1426 1293 1453 Invitatorium.

950 1484 1040 1515 Trini
1063 1483 1125 1515 Dei
1149 1483 1300 1514 unitatem

996 1530 1107 1562 Venite
1132 1530 1307 1570 adoremus,

950 1578 988 1609 In
1013 1577 1158 1617 personis
1182 1577 1358 1609 trinitatem

999 1624 1123 1656 Pariter
1149 1624 1371 1656 collaudemus.

1013 1719 1058 1750 In
1085 1719 1115 1749 1.
1141 1717 1371 1751 Nocturno.

1091 1791 1284 1826 Antiphonae.

917 1878 922 1883 .
950 1851 1081 1888 Adesto,
1108 1852 1217 1881 sancta
1241 1850 1375 1889 trinitas,

996 1897 1082 1929 Deus
1106 1905 1247 1936 unusque
1271 1900 1364 1941 totus,

948 1945 997 1976 Tu
1022 1945 1074 1984 qui
1097 1944 1198 1976 lucem
1223 1944 1392 1984 inhabitas,

995 1992 1033 2023 In
1057 1994 1090 2023 te
1113 1999 1242 2022 manens
1265 1992 1422 2025 immotus.

914 2075 921 2083 .
950 2049 1036 2081 Ades
1063 2048 1182 2080 cunctis
1207 2049 1349 2088 potentia

996 2096 1065 2127 Nec
1089 2098 1193 2127 tamen
1219 2104 1252 2127 es
1279 2096 1407 2138 divisus,

949 2145 1068 2176 Cuncta
1092 2143 1197 2182 reples
1223 2144 1367 2182 essentia,

997 2190 1123 2225 Cunctis
1147 2199 1298 2229 praesens
1322 2191 1451 2224 invisus.

891 2250 921 2282 3.
947 2248 1098 2288 Disponis
1123 2255 1173 2278 res
1197 2247 1343 2290 suaviter,

997 2295 1021 2327 O
1045 2294 1171 2327 trinitas
1197 2295 1344 2334 creatrix,

951 2342 1098 2375 Contines
1119 2341 1267 2372 mundum
1294 2340 1420 2374 fortiter

996 2391 1034 2423 Iu
1058 2392 1144 2422 motu
1168 2389 1382 2429 gubernatrix.
