<?xml version="1.0" encoding="UTF-8"?>
<!DOCTYPE html PUBLIC "-//W3C//DTD XHTML 1.0 Transitional//EN"
    "http://www.w3.org/TR/xhtml1/DTD/xhtml1-transitional.dtd">
<html xmlns="http://www.w3.org/1999/xhtml" xml:lang="en" lang="en">
 <head>
  <title>
</title>
<meta http-equiv="Content-Type" content="text/html;charset=utf-8" />
  <meta name='ocr-system' content='tesseract 3.04.00' />
  <meta name='ocr-capabilities' content='ocr_page ocr_carea ocr_par ocr_line ocrx_word'/>
</head>
<body>
  <div class='ocr_page' id='page_1' title='image "./analectahymnica24drevuoft_00106.png"; bbox 0 0 1652 2615; ppageno 0'>
   <div class='ocr_carea' id='block_1_1' title="bbox 727 141 981 177">
    <p class='ocr_par' dir='ltr' id='par_1_1' title="bbox 727 141 981 177">
     <span class='ocr_line' id='line_1_1' title="bbox 727 141 981 177; baseline 0.008 -2"><span class='ocrx_word' id='word_1_1' title='bbox 727 141 981 177; x_wconf 55' lang='lat' dir='ltr'>——103—-a</span> 
     </span>
    </p>
   </div>
   <div class='ocr_carea' id='block_1_2' title="bbox 245 229 798 457">
    <p class='ocr_par' dir='ltr' id='par_1_2' title="bbox 245 229 798 457">
     <span class='ocr_line' id='line_1_2' title="bbox 282 229 664 267; baseline 0.013 -5"><span class='ocrx_word' id='word_1_2' title='bbox 282 229 409 264; x_wconf 65' lang='lat' dir='ltr'>intacta</span> <span class='ocrx_word' id='word_1_3' title='bbox 433 237 535 266; x_wconf 84' lang='lat' dir='ltr'>mater</span> <span class='ocrx_word' id='word_1_4' title='bbox 562 235 664 267; x_wconf 82' lang='lat' dir='ltr'>sterili</span> 
     </span>
     <span class='ocr_line' id='line_1_3' title="bbox 331 278 702 321; baseline 0.016 -12"><span class='ocrx_word' id='word_1_5' title='bbox 331 278 430 310; x_wconf 86' lang='lat' dir='ltr'>Matri</span> <span class='ocrx_word' id='word_1_6' title='bbox 457 283 702 321; x_wconf 81' lang='lat' dir='ltr'>congratulatur.</span> 
     </span>
     <span class='ocr_line' id='line_1_4' title="bbox 245 325 798 362; baseline 0.013 -6"><span class='ocrx_word' id='word_1_7' title='bbox 245 351 251 357; x_wconf 94' lang='lat'>.</span> <span class='ocrx_word' id='word_1_8' title='bbox 281 325 319 356; x_wconf 88' lang='lat' dir='ltr'>In</span> <span class='ocrx_word' id='word_1_9' title='bbox 344 327 443 358; x_wconf 87' lang='lat' dir='ltr'>sacris</span> <span class='ocrx_word' id='word_1_10' title='bbox 470 327 616 360; x_wconf 81' lang='lat' dir='ltr'>claustris</span> <span class='ocrx_word' id='word_1_11' title='bbox 641 330 798 362; x_wconf 85' lang='lat' dir='ltr'>viscerum</span> 
     </span>
     <span class='ocr_line' id='line_1_5' title="bbox 281 371 734 415; baseline 0.013 -12"><span class='ocrx_word' id='word_1_12' title='bbox 281 371 475 405; x_wconf 82' lang='lat' dir='ltr'>Pruecursor</span> <span class='ocrx_word' id='word_1_13' title='bbox 499 384 578 415; x_wconf 88' lang='lat' dir='ltr'>puer</span> <span class='ocrx_word' id='word_1_14' title='bbox 602 385 734 415; x_wconf 75' lang='lat' dir='ltr'>puerwn</span> 
     </span>
     <span class='ocr_line' id='line_1_6' title="bbox 327 420 683 457; baseline 0.011 -6"><span class='ocrx_word' id='word_1_15' title='bbox 327 420 480 452; x_wconf 86' lang='lat' dir='ltr'>Messiam</span> <span class='ocrx_word' id='word_1_16' title='bbox 505 426 683 457; x_wconf 87' lang='lat' dir='ltr'>veneratur.</span> 
     </span>
    </p>
   </div>
   <div class='ocr_carea' id='block_1_3' title="bbox 243 503 709 914">
    <p class='ocr_par' dir='ltr' id='par_1_3' title="bbox 251 503 709 640">
     <span class='ocr_line' id='line_1_7' title="bbox 251 503 708 548; baseline 0.011 -13"><span class='ocrx_word' id='word_1_17' title='bbox 251 530 257 535; x_wconf 94' lang='lat'><em>.</em></span> <span class='ocrx_word' id='word_1_18' title='bbox 282 503 433 537; x_wconf 76' lang='lat' dir='ltr'><strong>Exsultat</strong></span> <span class='ocrx_word' id='word_1_19' title='bbox 454 506 559 539; x_wconf 88' lang='lat' dir='ltr'>infans</span> <span class='ocrx_word' id='word_1_20' title='bbox 584 508 708 548; x_wconf 86' lang='lat' dir='ltr'>gaudiis</span> 
     </span>
     <span class='ocr_line' id='line_1_8' title="bbox 328 552 631 594; baseline 0.01 -11"><span class='ocrx_word' id='word_1_21' title='bbox 328 552 364 583; x_wconf 87' lang='lat' dir='ltr'>In</span> <span class='ocrx_word' id='word_1_22' title='bbox 390 553 505 593; x_wconf 74' lang='lat' dir='ltr'>spiritu</span> <span class='ocrx_word' id='word_1_23' title='bbox 530 554 631 594; x_wconf 82' lang='lat' dir='ltr'>Eliae,</span> 
     </span>
     <span class='ocr_line' id='line_1_9' title="bbox 283 596 709 640; baseline 0.014 -12"><span class='ocrx_word' id='word_1_24' title='bbox 283 596 383 630; x_wconf 89' lang='lat' dir='ltr'>Laeta</span> <span class='ocrx_word' id='word_1_25' title='bbox 407 602 508 632; x_wconf 89' lang='lat' dir='ltr'>mater</span> <span class='ocrx_word' id='word_1_26' title='bbox 531 602 709 640; x_wconf 75' lang='lat' dir='ltr'>praeconiis</span> 
     </span>
    </p>

    <p class='ocr_par' dir='ltr' id='par_1_4' title="bbox 243 646 701 914">
     <span class='ocr_line' id='line_1_10' title="bbox 329 646 694 689; baseline 0.008 -12"><span class='ocrx_word' id='word_1_27' title='bbox 329 646 476 677; x_wconf 83' lang='lat' dir='ltr'>Resultat</span> <span class='ocrx_word' id='word_1_28' title='bbox 498 648 694 689; x_wconf 76' lang='lat' dir='ltr'>prophetiae,</span> 
     </span>
     <span class='ocr_line' id='line_1_11' title="bbox 283 690 646 726; baseline 0.008 -3"><span class='ocrx_word' id='word_1_29' title='bbox 283 690 369 723; x_wconf 84' lang='lat' dir='ltr'>Caeli</span> <span class='ocrx_word' id='word_1_30' title='bbox 393 696 501 725; x_wconf 86' lang='lat' dir='ltr'>manat</span> <span class='ocrx_word' id='word_1_31' title='bbox 524 695 646 726; x_wconf 87' lang='lat' dir='ltr'>deliciis</span> 
     </span>
     <span class='ocr_line' id='line_1_12' title="bbox 327 740 638 780; baseline 0.003 -8"><span class='ocrx_word' id='word_1_32' title='bbox 327 740 480 772; x_wconf 86' lang='lat' dir='ltr'>Introitus</span> <span class='ocrx_word' id='word_1_33' title='bbox 505 741 638 780; x_wconf 86' lang='lat' dir='ltr'>Mariae,</span> 
     </span>
     <span class='ocr_line' id='line_1_13' title="bbox 243 785 701 826; baseline 0.002 -7"><span class='ocrx_word' id='word_1_34' title='bbox 243 812 250 819; x_wconf 95' lang='lat'>.</span> <span class='ocrx_word' id='word_1_35' title='bbox 283 785 419 826; x_wconf 82' lang='lat' dir='ltr'>Propter</span> <span class='ocrx_word' id='word_1_36' title='bbox 444 796 549 819; x_wconf 89' lang='lat' dir='ltr'>arcam</span> <span class='ocrx_word' id='word_1_37' title='bbox 574 788 701 821; x_wconf 78' lang='lat' dir='ltr'>Dom÷ni</span> 
     </span>
     <span class='ocr_line' id='line_1_14' title="bbox 279 832 580 867; baseline 0.01 -3"><span class='ocrx_word' id='word_1_38' title='bbox 279 832 449 865; x_wconf 82' lang='lat' dir='ltr'>Benedixit</span> <span class='ocrx_word' id='word_1_39' title='bbox 475 834 580 867; x_wconf 89' lang='lat' dir='ltr'>domui</span> 
     </span>
     <span class='ocr_line' id='line_1_15' title="bbox 328 880 621 914; baseline 0.007 -2"><span class='ocrx_word' id='word_1_40' title='bbox 328 880 414 913; x_wconf 91' lang='lat' dir='ltr'>Deus</span> <span class='ocrx_word' id='word_1_41' title='bbox 438 881 621 914; x_wconf 81' lang='lat' dir='ltr'>Zachariae.</span> 
     </span>
    </p>
   </div>
   <div class='ocr_carea' id='block_1_4' title="bbox 238 964 768 1380">
    <p class='ocr_par' dir='ltr' id='par_1_5' title="bbox 238 964 768 1380">
     <span class='ocr_line' id='line_1_16' title="bbox 245 964 674 1007; baseline 0.002 -10"><span class='ocrx_word' id='word_1_42' title='bbox 245 990 253 997; x_wconf 93' lang='lat'><strong>.</strong></span> <span class='ocrx_word' id='word_1_43' title='bbox 278 964 485 997; x_wconf 89' lang='lat' dir='ltr'>Benedictam</span> <span class='ocrx_word' id='word_1_44' title='bbox 510 968 674 1007; x_wconf 86' lang='lat' dir='ltr'>praedicat</span> 
     </span>
     <span class='ocr_line' id='line_1_17' title="bbox 326 1012 636 1046; baseline 0.01 -3"><span class='ocrx_word' id='word_1_45' title='bbox 326 1012 429 1044; x_wconf 84' lang='lat' dir='ltr'>Senex</span> <span class='ocrx_word' id='word_1_46' title='bbox 456 1013 563 1045; x_wconf 89' lang='lat' dir='ltr'>dicens</span> <span class='ocrx_word' id='word_1_47' title='bbox 589 1015 636 1046; x_wconf 88' lang='lat' dir='ltr'>ei:</span> 
     </span>
     <span class='ocr_line' id='line_1_18' title="bbox 279 1057 661 1101; baseline 0.003 -11"><span class='ocrx_word' id='word_1_48' title='bbox 279 1057 374 1091; x_wconf 86' lang='lat' dir='ltr'>Unde</span> <span class='ocrx_word' id='word_1_49' title='bbox 399 1060 467 1101; x_wconf 85' lang='lat' dir='ltr'>hoc,</span> <span class='ocrx_word' id='word_1_50' title='bbox 494 1064 530 1091; x_wconf 89' lang='lat' dir='ltr'>ut</span> <span class='ocrx_word' id='word_1_51' title='bbox 554 1061 661 1092; x_wconf 89' lang='lat' dir='ltr'>veniat</span> 
     </span>
     <span class='ocr_line' id='line_1_19' title="bbox 327 1106 672 1149; baseline 0.003 -12"><span class='ocrx_word' id='word_1_52' title='bbox 327 1106 378 1137; x_wconf 87' lang='lat' dir='ltr'>Ad</span> <span class='ocrx_word' id='word_1_53' title='bbox 403 1115 454 1137; x_wconf 85' lang='lat' dir='ltr'>me</span> <span class='ocrx_word' id='word_1_54' title='bbox 478 1110 580 1138; x_wconf 86' lang='lat' dir='ltr'>mater</span> <span class='ocrx_word' id='word_1_55' title='bbox 603 1107 672 1149; x_wconf 90' lang='lat' dir='ltr'>Dei,</span> 
     </span>
     <span class='ocr_line' id='line_1_20' title="bbox 279 1152 629 1192; baseline 0.003 -8"><span class='ocrx_word' id='word_1_56' title='bbox 279 1152 316 1184; x_wconf 90' lang='lat' dir='ltr'>In</span> <span class='ocrx_word' id='word_1_57' title='bbox 342 1161 419 1184; x_wconf 88' lang='lat' dir='ltr'>voce</span> <span class='ocrx_word' id='word_1_58' title='bbox 438 1155 492 1185; x_wconf 85' lang='lat' dir='ltr'>tua</span> <span class='ocrx_word' id='word_1_59' title='bbox 511 1154 629 1192; x_wconf 79' lang='lat' dir='ltr'>Jubilat</span> 
     </span>
     <span class='ocr_line' id='line_1_21' title="bbox 323 1198 680 1240; baseline 0.003 -10"><span class='ocrx_word' id='word_1_60' title='bbox 323 1198 432 1230; x_wconf 89' lang='lat' dir='ltr'>Infans</span> <span class='ocrx_word' id='word_1_61' title='bbox 458 1201 576 1231; x_wconf 89' lang='lat' dir='ltr'>ventris</span> <span class='ocrx_word' id='word_1_62' title='bbox 601 1201 680 1240; x_wconf 86' lang='lat' dir='ltr'>mei3</span> 
     </span>
     <span class='ocr_line' id='line_1_22' title="bbox 238 1244 744 1286; baseline 0.002 -9"><span class='ocrx_word' id='word_1_63' title='bbox 238 1269 246 1277; x_wconf 93' lang='lat'><strong><em>.</em></strong></span> <span class='ocrx_word' id='word_1_64' title='bbox 275 1244 369 1278; x_wconf 84' lang='lat' dir='ltr'>Felix</span> <span class='ocrx_word' id='word_1_65' title='bbox 395 1254 437 1284; x_wconf 86' lang='lat' dir='ltr'>es,</span> <span class='ocrx_word' id='word_1_66' title='bbox 464 1255 544 1285; x_wconf 85' lang='lat' dir='ltr'>quae</span> <span class='ocrx_word' id='word_1_67' title='bbox 570 1247 744 1286; x_wconf 84' lang='lat' dir='ltr'>credidisti,</span> 
     </span>
     <span class='ocr_line' id='line_1_23' title="bbox 272 1291 768 1334; baseline 0.004 -11"><span class='ocrx_word' id='word_1_68' title='bbox 272 1291 358 1329; x_wconf 71' lang='lat' dir='ltr'>Quae</span> <span class='ocrx_word' id='word_1_69' title='bbox 384 1292 470 1324; x_wconf 85' lang='lat' dir='ltr'>dicta</span> <span class='ocrx_word' id='word_1_70' title='bbox 492 1297 575 1334; x_wconf 85' lang='lat' dir='ltr'>sunt,</span> <span class='ocrx_word' id='word_1_71' title='bbox 601 1292 768 1332; x_wconf 86' lang='lat' dir='ltr'>perficiens</span> 
     </span>
     <span class='ocr_line' id='line_1_24' title="bbox 320 1340 678 1380; baseline 0 -9"><span class='ocrx_word' id='word_1_72' title='bbox 320 1340 356 1371; x_wconf 87' lang='lat' dir='ltr'>In</span> <span class='ocrx_word' id='word_1_73' title='bbox 384 1340 450 1379; x_wconf 88' lang='lat' dir='ltr'>ejus</span> <span class='ocrx_word' id='word_1_74' title='bbox 476 1341 598 1380; x_wconf 88' lang='lat' dir='ltr'>signum</span> <span class='ocrx_word' id='word_1_75' title='bbox 623 1341 678 1372; x_wconf 88' lang='lat' dir='ltr'>rei.</span> 
     </span>
    </p>
   </div>
   <div class='ocr_carea' id='block_1_5' title="bbox 228 1423 706 1835">
    <p class='ocr_par' dir='ltr' id='par_1_6' title="bbox 240 1423 683 1515">
     <span class='ocr_line' id='line_1_25' title="bbox 240 1423 683 1465; baseline 0.009 -10"><span class='ocrx_word' id='word_1_76' title='bbox 240 1449 247 1456; x_wconf 94' lang='lat'><strong>.</strong></span> <span class='ocrx_word' id='word_1_77' title='bbox 273 1423 393 1456; x_wconf 84' lang='lat' dir='ltr'>Laudis</span> <span class='ocrx_word' id='word_1_78' title='bbox 419 1433 489 1456; x_wconf 90' lang='lat' dir='ltr'>cum</span> <span class='ocrx_word' id='word_1_79' title='bbox 514 1427 683 1465; x_wconf 84' lang='lat' dir='ltr'>praeconio</span> 
     </span>
     <span class='ocr_line' id='line_1_26' title="bbox 320 1471 591 1515; baseline 0.004 -12"><span class='ocrx_word' id='word_1_80' title='bbox 320 1471 412 1503; x_wconf 79' lang='lat' dir='ltr'>Culta</span> <span class='ocrx_word' id='word_1_81' title='bbox 430 1472 591 1515; x_wconf 83' lang='lat' dir='ltr'>singulari,</span> 
     </span>
    </p>

    <p class='ocr_par' dir='ltr' id='par_1_7' title="bbox 270 1516 669 1599">
     <span class='ocr_line' id='line_1_27' title="bbox 270 1516 669 1560; baseline 0.01 -12"><span class='ocrx_word' id='word_1_82' title='bbox 270 1516 399 1549; x_wconf 84' lang='lat' dir='ltr'>Summo</span> <span class='ocrx_word' id='word_1_83' title='bbox 425 1522 532 1551; x_wconf 89' lang='lat' dir='ltr'>cantat</span> <span class='ocrx_word' id='word_1_84' title='bbox 555 1520 669 1560; x_wconf 87' lang='lat' dir='ltr'>gaudio</span> 
     </span>
     <span class='ocr_line' id='line_1_28' title="bbox 318 1566 541 1599; baseline 0.004 -1"><span class='ocrx_word' id='word_1_85' title='bbox 318 1566 381 1598; x_wconf 87' lang='lat' dir='ltr'>Suo</span> <span class='ocrx_word' id='word_1_86' title='bbox 409 1566 541 1599; x_wconf 85' lang='lat' dir='ltr'>salutari</span> 
     </span>
    </p>

    <p class='ocr_par' dir='ltr' id='par_1_8' title="bbox 271 1611 687 1701">
     <span class='ocr_line' id='line_1_29' title="bbox 271 1611 595 1652; baseline 0.009 -9"><span class='ocrx_word' id='word_1_87' title='bbox 271 1611 348 1644; x_wconf 90' lang='lat' dir='ltr'>Cum</span> <span class='ocrx_word' id='word_1_88' title='bbox 373 1613 504 1652; x_wconf 81' lang='lat' dir='ltr'>pudoris</span> <span class='ocrx_word' id='word_1_89' title='bbox 527 1614 595 1646; x_wconf 86' lang='lat' dir='ltr'>litio</span> 
     </span>
     <span class='ocr_line' id='line_1_30' title="bbox 316 1661 687 1701; baseline 0.005 -10"><span class='ocrx_word' id='word_1_90' title='bbox 316 1661 436 1692; x_wconf 84' lang='lat' dir='ltr'>Parens</span> <span class='ocrx_word' id='word_1_91' title='bbox 461 1661 582 1701; x_wconf 84' lang='lat' dir='ltr'>absque</span> <span class='ocrx_word' id='word_1_92' title='bbox 607 1663 687 1701; x_wconf 84' lang='lat' dir='ltr'>pari,</span> 
     </span>
    </p>

    <p class='ocr_par' dir='ltr' id='par_1_9' title="bbox 228 1705 657 1747">
     <span class='ocr_line' id='line_1_31' title="bbox 228 1705 657 1747; baseline -0.002 -7"><span class='ocrx_word' id='word_1_93' title='bbox 228 1733 235 1740; x_wconf 94' lang='lat'>.</span> <span class='ocrx_word' id='word_1_94' title='bbox 267 1705 342 1738; x_wconf 89' lang='lat' dir='ltr'>Sola</span> <span class='ocrx_word' id='word_1_95' title='bbox 368 1715 448 1746; x_wconf 90' lang='lat' dir='ltr'>quae</span> <span class='ocrx_word' id='word_1_96' title='bbox 472 1709 657 1747; x_wconf 83' lang='lat' dir='ltr'>promeruit,</span> 
     </span>
    </p>

    <p class='ocr_par' dir='ltr' id='par_1_10' title="bbox 269 1753 706 1835">
     <span class='ocr_line' id='line_1_32' title="bbox 269 1753 706 1795; baseline 0.005 -10"><span class='ocrx_word' id='word_1_97' title='bbox 269 1753 359 1792; x_wconf 79' lang='lat' dir='ltr'>Quod</span> <span class='ocrx_word' id='word_1_98' title='bbox 387 1757 451 1785; x_wconf 86' lang='lat' dir='ltr'>tam</span> <span class='ocrx_word' id='word_1_99' title='bbox 478 1755 571 1795; x_wconf 87' lang='lat' dir='ltr'>digne</span> <span class='ocrx_word' id='word_1_100' title='bbox 597 1755 706 1787; x_wconf 87' lang='lat' dir='ltr'>debuit</span> 
     </span>
     <span class='ocr_line' id='line_1_33' title="bbox 318 1801 576 1835; baseline 0.008 -3"><span class='ocrx_word' id='word_1_101' title='bbox 318 1801 385 1833; x_wconf 90' lang='lat' dir='ltr'>Sibi</span> <span class='ocrx_word' id='word_1_102' title='bbox 409 1801 576 1835; x_wconf 90' lang='lat' dir='ltr'>modulari.</span> 
     </span>
    </p>
   </div>
   <div class='ocr_carea' id='block_1_6' title="bbox 319 1934 686 1969">
    <p class='ocr_par' dir='ltr' id='par_1_11' title="bbox 319 1934 686 1969">
     <span class='ocr_line' id='line_1_34' title="bbox 319 1934 686 1969; baseline 0.005 -2"><span class='ocrx_word' id='word_1_103' title='bbox 319 1936 366 1967; x_wconf 89' lang='lat' dir='ltr'>In</span> <span class='ocrx_word' id='word_1_104' title='bbox 392 1936 422 1967; x_wconf 83' lang='lat'>2.</span> <span class='ocrx_word' id='word_1_105' title='bbox 449 1934 686 1969; x_wconf 84' lang='lat' dir='ltr'>Nocturno.</span> 
     </span>
    </p>
   </div>
   <div class='ocr_carea' id='block_1_7' title="bbox 408 2010 604 2045">
    <p class='ocr_par' dir='ltr' id='par_1_12' title="bbox 408 2010 604 2045">
     <span class='ocr_line' id='line_1_35' title="bbox 408 2010 604 2045; baseline -0.005 -8"><span class='ocrx_word' id='word_1_106' title='bbox 408 2010 604 2045; x_wconf 85' lang='lat' dir='ltr'>Antiphonae.</span> 
     </span>
    </p>
   </div>
   <div class='ocr_carea' id='block_1_8' title="bbox 231 2067 644 2432">
    <p class='ocr_par' dir='ltr' id='par_1_13' title="bbox 231 2067 472 2109">
     <span class='ocr_line' id='line_1_36' title="bbox 231 2067 472 2109; baseline 0.008 -12"><span class='ocrx_word' id='word_1_107' title='bbox 231 2090 238 2097; x_wconf 94' lang='lat'><strong>.</strong></span> <span class='ocrx_word' id='word_1_108' title='bbox 265 2067 375 2108; x_wconf 84' lang='lat' dir='ltr'>Agnus</span> <span class='ocrx_word' id='word_1_109' title='bbox 399 2068 472 2109; x_wconf 87' lang='lat' dir='ltr'>Dei,</span> 
     </span>
    </p>

    <p class='ocr_par' dir='ltr' id='par_1_14' title="bbox 266 2116 590 2203">
     <span class='ocr_line' id='line_1_37' title="bbox 311 2116 590 2156; baseline 0 -9"><span class='ocrx_word' id='word_1_110' title='bbox 311 2116 422 2147; x_wconf 88' lang='lat' dir='ltr'>mundi</span> <span class='ocrx_word' id='word_1_111' title='bbox 446 2116 590 2156; x_wconf 84' lang='lat' dir='ltr'>salvatio,</span> 
     </span>
     <span class='ocr_line' id='line_1_38' title="bbox 266 2162 423 2203; baseline 0 -10"><span class='ocrx_word' id='word_1_112' title='bbox 266 2162 423 2203; x_wconf 83' lang='lat' dir='ltr'>Virginali</span> 
     </span>
    </p>

    <p class='ocr_par' dir='ltr' id='par_1_15' title="bbox 265 2210 589 2289">
     <span class='ocr_line' id='line_1_39' title="bbox 314 2210 589 2250; baseline 0.004 -9"><span class='ocrx_word' id='word_1_113' title='bbox 314 2210 437 2242; x_wconf 84' lang='lat' dir='ltr'>latebat</span> <span class='ocrx_word' id='word_1_114' title='bbox 459 2210 589 2250; x_wconf 84' lang='lat' dir='ltr'>gremio,</span> 
     </span>
     <span class='ocr_line' id='line_1_40' title="bbox 265 2257 503 2289; baseline 0.004 -1"><span class='ocrx_word' id='word_1_115' title='bbox 265 2257 503 2289; x_wconf 85' lang='lat' dir='ltr'>Demonstravit</span> 
     </span>
    </p>

    <p class='ocr_par' dir='ltr' id='par_1_16' title="bbox 265 2304 633 2384">
     <span class='ocr_line' id='line_1_41' title="bbox 312 2304 633 2336; baseline -0.003 0"><span class='ocrx_word' id='word_1_116' title='bbox 312 2307 448 2336; x_wconf 87' lang='lat' dir='ltr'>stantem</span> <span class='ocrx_word' id='word_1_117' title='bbox 471 2304 504 2336; x_wconf 89' lang='lat' dir='ltr'>in</span> <span class='ocrx_word' id='word_1_118' title='bbox 529 2304 633 2336; x_wconf 89' lang='lat' dir='ltr'>medio</span> 
     </span>
     <span class='ocr_line' id='line_1_42' title="bbox 265 2351 506 2384; baseline 0.008 -2"><span class='ocrx_word' id='word_1_119' title='bbox 265 2351 355 2383; x_wconf 85' lang='lat' dir='ltr'>Tunc</span> <span class='ocrx_word' id='word_1_120' title='bbox 376 2352 506 2384; x_wconf 87' lang='lat' dir='ltr'>lucerna</span> 
     </span>
    </p>

    <p class='ocr_par' dir='ltr' id='par_1_17' title="bbox 312 2399 644 2432">
     <span class='ocr_line' id='line_1_43' title="bbox 312 2399 644 2432; baseline -0.003 -2"><span class='ocrx_word' id='word_1_121' title='bbox 312 2400 421 2431; x_wconf 88' lang='lat' dir='ltr'>lucens</span> <span class='ocrx_word' id='word_1_122' title='bbox 446 2400 504 2432; x_wconf 90' lang='lat' dir='ltr'>sub</span> <span class='ocrx_word' id='word_1_123' title='bbox 529 2399 644 2431; x_wconf 89' lang='lat' dir='ltr'>modio.</span> 
     </span>
    </p>
   </div>
   <div class='ocr_carea' id='block_1_9' title="bbox 904 236 1279 277">
    <p class='ocr_par' dir='ltr' id='par_1_18' title="bbox 904 236 1279 277">
     <span class='ocr_line' id='line_1_44' title="bbox 904 236 1279 277; baseline -0.008 -7"><span class='ocrx_word' id='word_1_124' title='bbox 904 240 934 270; x_wconf 86' lang='lat'>2.</span> <span class='ocrx_word' id='word_1_125' title='bbox 961 236 1093 270; x_wconf 83' lang='lat' dir='ltr'>Florida</span> <span class='ocrx_word' id='word_1_126' title='bbox 1117 236 1279 277; x_wconf 76' lang='lat' dir='ltr'>sterilitas,</span> 
     </span>
    </p>
   </div>
   <div class='ocr_carea' id='block_1_10' title="bbox 964 284 1312 418">
    <p class='ocr_par' dir='ltr' id='par_1_19' title="bbox 964 284 1312 418">
     <span class='ocr_line' id='line_1_45' title="bbox 1009 284 1277 316; baseline 0 0"><span class='ocrx_word' id='word_1_127' title='bbox 1009 284 1111 316; x_wconf 86' lang='lat' dir='ltr'>Senex</span> <span class='ocrx_word' id='word_1_128' title='bbox 1136 284 1277 316; x_wconf 85' lang='lat' dir='ltr'>virtuosa</span> 
     </span>
     <span class='ocr_line' id='line_1_46' title="bbox 964 330 1312 371; baseline 0.003 -9"><span class='ocrx_word' id='word_1_129' title='bbox 964 331 1011 363; x_wconf 93' lang='lat' dir='ltr'>De</span> <span class='ocrx_word' id='word_1_130' title='bbox 1034 335 1076 371; x_wconf 89' lang='lat' dir='ltr'>te,</span> <span class='ocrx_word' id='word_1_131' title='bbox 1102 331 1163 363; x_wconf 87' lang='lat' dir='ltr'>Dei</span> <span class='ocrx_word' id='word_1_132' title='bbox 1191 330 1312 371; x_wconf 89' lang='lat' dir='ltr'>civitas,</span> 
     </span>
     <span class='ocr_line' id='line_1_47' title="bbox 1008 378 1269 418; baseline 0 -9"><span class='ocrx_word' id='word_1_133' title='bbox 1008 378 1099 410; x_wconf 78' lang='lat' dir='ltr'>Dixit</span> <span class='ocrx_word' id='word_1_134' title='bbox 1123 378 1269 418; x_wconf 85' lang='lat' dir='ltr'>gloriosa.</span> 
     </span>
    </p>
   </div>
   <div class='ocr_carea' id='block_1_11' title="bbox 904 434 1464 477">
    <p class='ocr_par' dir='ltr' id='par_1_20' title="bbox 904 434 1464 477">
     <span class='ocr_line' id='line_1_48' title="bbox 904 434 1464 477; baseline -0.002 -11"><span class='ocrx_word' id='word_1_135' title='bbox 904 435 936 466; x_wconf 86' lang='lat'>3.</span> <span class='ocrx_word' id='word_1_136' title='bbox 962 436 1023 467; x_wconf 91' lang='lat' dir='ltr'>Per</span> <span class='ocrx_word' id='word_1_137' title='bbox 1047 439 1088 477; x_wconf 90' lang='lat' dir='ltr'>te,</span> <span class='ocrx_word' id='word_1_138' title='bbox 1115 437 1225 475; x_wconf 88' lang='lat' dir='ltr'>mater,</span> <span class='ocrx_word' id='word_1_139' title='bbox 1252 434 1352 465; x_wconf 91' lang='lat' dir='ltr'>omnis</span> <span class='ocrx_word' id='word_1_140' title='bbox 1378 436 1464 465; x_wconf 83' lang='lat' dir='ltr'>terra</span> 
     </span>
    </p>
   </div>
   <div class='ocr_carea' id='block_1_12' title="bbox 961 480 1406 607">
    <p class='ocr_par' dir='ltr' id='par_1_21' title="bbox 961 480 1406 607">
     <span class='ocr_line' id='line_1_49' title="bbox 1006 480 1384 518; baseline -0.005 -6"><span class='ocrx_word' id='word_1_141' title='bbox 1006 480 1097 514; x_wconf 83' lang='lat' dir='ltr'>Nova</span> <span class='ocrx_word' id='word_1_142' title='bbox 1121 483 1227 512; x_wconf 86' lang='lat' dir='ltr'>cantat</span> <span class='ocrx_word' id='word_1_143' title='bbox 1252 481 1384 518; x_wconf 87' lang='lat' dir='ltr'>cantica,</span> 
     </span>
     <span class='ocr_line' id='line_1_50' title="bbox 961 526 1406 567; baseline -0.004 -7"><span class='ocrx_word' id='word_1_144' title='bbox 961 528 1046 566; x_wconf 80' lang='lat' dir='ltr'>Quae</span> <span class='ocrx_word' id='word_1_145' title='bbox 1069 529 1101 560; x_wconf 92' lang='lat' dir='ltr'>in</span> <span class='ocrx_word' id='word_1_146' title='bbox 1125 531 1158 559; x_wconf 90' lang='lat' dir='ltr'>te</span> <span class='ocrx_word' id='word_1_147' title='bbox 1183 526 1286 559; x_wconf 85' lang='lat' dir='ltr'>effecit</span> <span class='ocrx_word' id='word_1_148' title='bbox 1310 527 1406 567; x_wconf 84' lang='lat' dir='ltr'>Deus,</span> 
     </span>
     <span class='ocr_line' id='line_1_51' title="bbox 1009 574 1347 607; baseline 0.003 -1"><span class='ocrx_word' id='word_1_149' title='bbox 1009 574 1178 607; x_wconf 90' lang='lat' dir='ltr'>Celebrans</span> <span class='ocrx_word' id='word_1_150' title='bbox 1203 574 1347 607; x_wconf 79' lang='lat' dir='ltr'>mirifica..</span> 
     </span>
    </p>
   </div>
   <div class='ocr_carea' id='block_1_13' title="bbox 901 631 1424 669">
    <p class='ocr_par' dir='ltr' id='par_1_22' title="bbox 901 631 1424 669">
     <span class='ocr_line' id='line_1_52' title="bbox 901 631 1424 669; baseline -0.002 -6"><span class='ocrx_word' id='word_1_151' title='bbox 901 632 934 663; x_wconf 80' lang='lat'>4.</span> <span class='ocrx_word' id='word_1_152' title='bbox 960 631 1030 662; x_wconf 83' lang='lat' dir='ltr'>Lux</span> <span class='ocrx_word' id='word_1_153' title='bbox 1056 634 1104 662; x_wconf 89' lang='lat' dir='ltr'>est</span> <span class='ocrx_word' id='word_1_154' title='bbox 1128 633 1198 662; x_wconf 87' lang='lat' dir='ltr'>orta</span> <span class='ocrx_word' id='word_1_155' title='bbox 1222 638 1261 663; x_wconf 82' lang='lat' dir='ltr'>ex</span> <span class='ocrx_word' id='word_1_156' title='bbox 1284 634 1317 662; x_wconf 90' lang='lat' dir='ltr'>te</span> <span class='ocrx_word' id='word_1_157' title='bbox 1339 631 1424 669; x_wconf 87' lang='lat' dir='ltr'>justo</span> 
     </span>
    </p>
   </div>
   <div class='ocr_carea' id='block_1_14' title="bbox 957 677 1379 804">
    <p class='ocr_par' dir='ltr' id='par_1_23' title="bbox 957 677 1379 804">
     <span class='ocr_line' id='line_1_53' title="bbox 1004 677 1328 719; baseline 0.003 -11"><span class='ocrx_word' id='word_1_158' title='bbox 1004 677 1174 717; x_wconf 86' lang='lat' dir='ltr'>Rectisque</span> <span class='ocrx_word' id='word_1_159' title='bbox 1197 677 1328 719; x_wconf 73' lang='lat' dir='ltr'>laetitia,</span> 
     </span>
     <span class='ocr_line' id='line_1_54' title="bbox 957 724 1379 757; baseline 0 -1"><span class='ocrx_word' id='word_1_160' title='bbox 957 724 1059 757; x_wconf 80' lang='lat' dir='ltr'>Audit</span> <span class='ocrx_word' id='word_1_161' title='bbox 1083 725 1158 757; x_wconf 86' lang='lat' dir='ltr'>Sion</span> <span class='ocrx_word' id='word_1_162' title='bbox 1185 727 1216 754; x_wconf 87' lang='lat' dir='ltr'>et</span> <span class='ocrx_word' id='word_1_163' title='bbox 1239 726 1379 756; x_wconf 85' lang='lat' dir='ltr'>laetatur</span> 
     </span>
     <span class='ocr_line' id='line_1_55' title="bbox 1008 771 1353 804; baseline 0 -1"><span class='ocrx_word' id='word_1_164' title='bbox 1008 771 1085 803; x_wconf 89' lang='lat' dir='ltr'>Cum</span> <span class='ocrx_word' id='word_1_165' title='bbox 1109 771 1252 804; x_wconf 82' lang='lat' dir='ltr'>Judaeae</span> <span class='ocrx_word' id='word_1_166' title='bbox 1276 771 1353 803; x_wconf 90' lang='lat' dir='ltr'>filia.</span> 
     </span>
    </p>
   </div>
   <div class='ocr_carea' id='block_1_15' title="bbox 929 827 1302 866">
    <p class='ocr_par' dir='ltr' id='par_1_24' title="bbox 929 827 1302 866">
     <span class='ocr_line' id='line_1_56' title="bbox 929 827 1302 866; baseline 0.003 -9"><span class='ocrx_word' id='word_1_167' title='bbox 929 851 936 857; x_wconf 94' lang='lat'><em>.</em></span> <span class='ocrx_word' id='word_1_168' title='bbox 963 828 1009 860; x_wconf 90' lang='lat' dir='ltr'>Ut</span> <span class='ocrx_word' id='word_1_169' title='bbox 1032 827 1138 866; x_wconf 87' lang='lat' dir='ltr'>puella</span> <span class='ocrx_word' id='word_1_170' title='bbox 1163 827 1302 859; x_wconf 86' lang='lat' dir='ltr'>salutare</span> 
     </span>
    </p>
   </div>
   <div class='ocr_carea' id='block_1_16' title="bbox 958 873 1421 999">
    <p class='ocr_par' dir='ltr' id='par_1_25' title="bbox 958 873 1421 999">
     <span class='ocr_line' id='line_1_57' title="bbox 1006 873 1421 913; baseline 0 -8"><span class='ocrx_word' id='word_1_171' title='bbox 1006 873 1117 905; x_wconf 86' lang='lat' dir='ltr'>Senem</span> <span class='ocrx_word' id='word_1_172' title='bbox 1144 873 1246 912; x_wconf 90' lang='lat' dir='ltr'>coepit</span> <span class='ocrx_word' id='word_1_173' title='bbox 1273 874 1421 913; x_wconf 89' lang='lat' dir='ltr'>cominus,</span> 
     </span>
     <span class='ocr_line' id='line_1_58' title="bbox 958 921 1368 952; baseline 0 -1"><span class='ocrx_word' id='word_1_174' title='bbox 958 921 1090 952; x_wconf 80' lang='lat' dir='ltr'>Missum</span> <span class='ocrx_word' id='word_1_175' title='bbox 1115 929 1204 952; x_wconf 88' lang='lat' dir='ltr'>suum</span> <span class='ocrx_word' id='word_1_176' title='bbox 1229 922 1368 952; x_wconf 85' lang='lat' dir='ltr'>salutare</span> 
     </span>
     <span class='ocr_line' id='line_1_59' title="bbox 1004 966 1410 999; baseline -0.002 0"><span class='ocrx_word' id='word_1_177' title='bbox 1004 967 1121 999; x_wconf 71' lang='lat' dir='ltr'>Notum</span> <span class='ocrx_word' id='word_1_178' title='bbox 1145 966 1221 998; x_wconf 84' lang='lat' dir='ltr'>fecit</span> <span class='ocrx_word' id='word_1_179' title='bbox 1246 967 1410 999; x_wconf 73' lang='lat' dir='ltr'>Dominus.</span> 
     </span>
    </p>
   </div>
   <div class='ocr_carea' id='block_1_17' title="bbox 923 1022 1158 1062">
    <p class='ocr_par' dir='ltr' id='par_1_26' title="bbox 923 1022 1158 1062">
     <span class='ocr_line' id='line_1_60' title="bbox 923 1022 1158 1062; baseline -0.017 -5"><span class='ocrx_word' id='word_1_180' title='bbox 923 1051 930 1057; x_wconf 96' lang='lat'>.</span> <span class='ocrx_word' id='word_1_181' title='bbox 957 1024 1054 1062; x_wconf 87' lang='lat' dir='ltr'>Virgo</span> <span class='ocrx_word' id='word_1_182' title='bbox 1080 1022 1158 1054; x_wconf 84' lang='lat' dir='ltr'>felix</span> 
     </span>
    </p>
   </div>
   <div class='ocr_carea' id='block_1_18' title="bbox 952 1069 1256 1385">
    <p class='ocr_par' dir='ltr' id='par_1_27' title="bbox 952 1069 1256 1385">
     <span class='ocr_line' id='line_1_61' title="bbox 1002 1069 1256 1108; baseline 0 -7"><span class='ocrx_word' id='word_1_183' title='bbox 1002 1078 1118 1108; x_wconf 87' lang='lat' dir='ltr'>sponso</span> <span class='ocrx_word' id='word_1_184' title='bbox 1144 1069 1256 1101; x_wconf 87' lang='lat' dir='ltr'>eximio</span> 
     </span>
     <span class='ocr_line' id='line_1_62' title="bbox 954 1116 1208 1156; baseline -0.004 -9"><span class='ocrx_word' id='word_1_185' title='bbox 954 1116 1049 1147; x_wconf 86' lang='lat' dir='ltr'>Dulci</span> <span class='ocrx_word' id='word_1_186' title='bbox 1073 1116 1208 1156; x_wconf 87' lang='lat' dir='ltr'>promsit</span> 
     </span>
     <span class='ocr_line' id='line_1_63' title="bbox 1003 1163 1215 1204; baseline 0.005 -12"><span class='ocrx_word' id='word_1_187' title='bbox 1003 1163 1215 1204; x_wconf 88' lang='lat' dir='ltr'>epithalamio,</span> 
     </span>
     <span class='ocr_line' id='line_1_64' title="bbox 953 1208 1253 1249; baseline -0.003 -9"><span class='ocrx_word' id='word_1_188' title='bbox 953 1209 1006 1248; x_wconf 84' lang='lat' dir='ltr'>Et,</span> <span class='ocrx_word' id='word_1_189' title='bbox 1033 1217 1123 1249; x_wconf 87' lang='lat' dir='ltr'>quem</span> <span class='ocrx_word' id='word_1_190' title='bbox 1150 1208 1253 1240; x_wconf 63' lang='lat' dir='ltr'>carnis</span> 
     </span>
     <span class='ocr_line' id='line_1_65' title="bbox 1002 1256 1229 1297; baseline -0.004 -10"><span class='ocrx_word' id='word_1_191' title='bbox 1002 1256 1128 1287; x_wconf 83' lang='lat' dir='ltr'>vestivit</span> <span class='ocrx_word' id='word_1_192' title='bbox 1153 1256 1229 1297; x_wconf 85' lang='lat' dir='ltr'>lilio,</span> 
     </span>
     <span class='ocr_line' id='line_1_66' title="bbox 952 1302 1135 1335; baseline -0.005 -1"><span class='ocrx_word' id='word_1_193' title='bbox 952 1302 1135 1335; x_wconf 81' lang='lat' dir='ltr'>Exsultavit</span> 
     </span>
     <span class='ocr_line' id='line_1_67' title="bbox 997 1348 1254 1385; baseline 0.004 -5"><span class='ocrx_word' id='word_1_194' title='bbox 997 1352 1098 1382; x_wconf 88' lang='lat' dir='ltr'>mater</span> <span class='ocrx_word' id='word_1_195' title='bbox 1120 1350 1154 1380; x_wconf 92' lang='lat' dir='ltr'>in</span> <span class='ocrx_word' id='word_1_196' title='bbox 1178 1348 1254 1385; x_wconf 83' lang='lat' dir='ltr'>filio.</span> 
     </span>
    </p>
   </div>
   <div class='ocr_carea' id='block_1_19' title="bbox 1088 1424 1293 1459">
    <p class='ocr_par' dir='ltr' id='par_1_28' title="bbox 1088 1424 1293 1459">
     <span class='ocr_line' id='line_1_68' title="bbox 1088 1424 1293 1459; baseline -0.005 -8"><span class='ocrx_word' id='word_1_197' title='bbox 1088 1424 1293 1459; x_wconf 78' lang='lat' dir='ltr'>Responsoria.</span> 
     </span>
    </p>
   </div>
   <div class='ocr_carea' id='block_1_20' title="bbox 915 1480 1313 1523">
    <p class='ocr_par' dir='ltr' id='par_1_29' title="bbox 915 1480 1313 1523">
     <span class='ocr_line' id='line_1_69' title="bbox 915 1480 1313 1523; baseline -0.003 -10"><span class='ocrx_word' id='word_1_198' title='bbox 915 1506 922 1513; x_wconf 90' lang='lat'><strong>.</strong></span> <span class='ocrx_word' id='word_1_199' title='bbox 950 1480 1068 1513; x_wconf 80' lang='lat' dir='ltr'>Christi</span> <span class='ocrx_word' id='word_1_200' title='bbox 1090 1482 1313 1523; x_wconf 77' lang='lat' dir='ltr'>sanctuarium,</span> 
     </span>
    </p>
   </div>
   <div class='ocr_carea' id='block_1_21' title="bbox 947 1528 1382 1755">
    <p class='ocr_par' dir='ltr' id='par_1_30' title="bbox 947 1528 1382 1662">
     <span class='ocr_line' id='line_1_70' title="bbox 947 1528 1382 1569; baseline 0.002 -10"><span class='ocrx_word' id='word_1_201' title='bbox 947 1528 1062 1569; x_wconf 83' lang='lat' dir='ltr'>Decus,</span> <span class='ocrx_word' id='word_1_202' title='bbox 1088 1529 1197 1569; x_wconf 90' lang='lat' dir='ltr'>honor,</span> <span class='ocrx_word' id='word_1_203' title='bbox 1223 1528 1382 1569; x_wconf 86' lang='lat' dir='ltr'>gaudium,</span> 
     </span>
     <span class='ocr_line' id='line_1_71' title="bbox 997 1574 1325 1615; baseline -0.003 -8"><span class='ocrx_word' id='word_1_204' title='bbox 997 1574 1106 1608; x_wconf 79' lang='lat' dir='ltr'>Gloria</span> <span class='ocrx_word' id='word_1_205' title='bbox 1132 1577 1325 1615; x_wconf 81' lang='lat' dir='ltr'>cunctorum,</span> 
     </span>
     <span class='ocr_line' id='line_1_72' title="bbox 948 1622 1362 1662; baseline -0.002 -8"><span class='ocrx_word' id='word_1_206' title='bbox 948 1622 1065 1655; x_wconf 88' lang='lat' dir='ltr'>Tribus</span> <span class='ocrx_word' id='word_1_207' title='bbox 1091 1622 1179 1662; x_wconf 89' lang='lat' dir='ltr'>quasi</span> <span class='ocrx_word' id='word_1_208' title='bbox 1202 1623 1362 1654; x_wconf 85' lang='lat' dir='ltr'>mensibus</span> 
     </span>
    </p>

    <p class='ocr_par' dir='ltr' id='par_1_31' title="bbox 948 1669 1338 1755">
     <span class='ocr_line' id='line_1_73' title="bbox 948 1669 1222 1702; baseline -0.004 -2"><span class='ocrx_word' id='word_1_209' title='bbox 948 1669 1222 1702; x_wconf 81' lang='lat' dir='ltr'>Consolationibus</span> 
     </span>
     <span class='ocr_line' id='line_1_74' title="bbox 995 1715 1338 1755; baseline -0.006 -7"><span class='ocrx_word' id='word_1_210' title='bbox 995 1715 1100 1748; x_wconf 72' lang='lat' dir='ltr'>Sei-vit</span> <span class='ocrx_word' id='word_1_211' title='bbox 1121 1716 1338 1755; x_wconf 71' lang='lat' dir='ltr'>subditorum,</span> 
     </span>
    </p>
   </div>
   <div class='ocr_carea' id='block_1_22' title="bbox 908 1763 1273 1802">
    <p class='ocr_par' dir='ltr' id='par_1_32' title="bbox 908 1763 1273 1802">
     <span class='ocr_line' id='line_1_75' title="bbox 908 1763 1273 1802; baseline -0.005 -6"><span class='ocrx_word' id='word_1_212' title='bbox 908 1789 915 1796; x_wconf 93' lang='lat'><strong>.</strong></span> <span class='ocrx_word' id='word_1_213' title='bbox 946 1763 1054 1796; x_wconf 91' lang='lat' dir='ltr'>Omnis</span> <span class='ocrx_word' id='word_1_214' title='bbox 1079 1764 1126 1795; x_wconf 87' lang='lat' dir='ltr'>sic</span> <span class='ocrx_word' id='word_1_215' title='bbox 1147 1763 1273 1802; x_wconf 85' lang='lat' dir='ltr'>justitia</span> 
     </span>
    </p>
   </div>
   <div class='ocr_carea' id='block_1_23' title="bbox 947 1810 1315 1897">
    <p class='ocr_par' dir='ltr' id='par_1_33' title="bbox 947 1810 1315 1897">
     <span class='ocr_line' id='line_1_76' title="bbox 947 1810 1315 1850; baseline -0.003 -8"><span class='ocrx_word' id='word_1_216' title='bbox 947 1810 1057 1850; x_wconf 88' lang='lat' dir='ltr'>Decet,</span> <span class='ocrx_word' id='word_1_217' title='bbox 1084 1819 1177 1850; x_wconf 87' lang='lat' dir='ltr'>quam</span> <span class='ocrx_word' id='word_1_218' title='bbox 1201 1810 1315 1842; x_wconf 87' lang='lat' dir='ltr'>militia</span> 
     </span>
     <span class='ocr_line' id='line_1_77' title="bbox 991 1857 1288 1897; baseline 0.003 -7"><span class='ocrx_word' id='word_1_219' title='bbox 991 1857 1075 1890; x_wconf 87' lang='lat' dir='ltr'>Colit</span> <span class='ocrx_word' id='word_1_220' title='bbox 1096 1857 1288 1897; x_wconf 84' lang='lat' dir='ltr'>angelorum.</span> 
     </span>
    </p>
   </div>
   <div class='ocr_carea' id='block_1_24' title="bbox 913 1914 1387 1956">
    <p class='ocr_par' dir='ltr' id='par_1_34' title="bbox 913 1914 1387 1956">
     <span class='ocr_line' id='line_1_78' title="bbox 913 1914 1387 1956; baseline -0.006 -9"><span class='ocrx_word' id='word_1_221' title='bbox 913 1939 919 1947; x_wconf 93' lang='lat'>.</span> <span class='ocrx_word' id='word_1_222' title='bbox 945 1914 1060 1955; x_wconf 85' lang='lat' dir='ltr'>Digna,</span> <span class='ocrx_word' id='word_1_223' title='bbox 1087 1923 1179 1955; x_wconf 85' lang='lat' dir='ltr'>quam</span> <span class='ocrx_word' id='word_1_224' title='bbox 1203 1914 1387 1956; x_wconf 81' lang='lat' dir='ltr'>respiceret,</span> 
     </span>
    </p>
   </div>
   <div class='ocr_carea' id='block_1_25' title="bbox 945 1961 1392 2191">
    <p class='ocr_par' dir='ltr' id='par_1_35' title="bbox 945 1961 1392 2143">
     <span class='ocr_line' id='line_1_79' title="bbox 947 1961 1315 2004; baseline -0.005 -10"><span class='ocrx_word' id='word_1_225' title='bbox 947 1961 1043 2001; x_wconf 84' lang='lat' dir='ltr'>Cujus</span> <span class='ocrx_word' id='word_1_226' title='bbox 1069 1961 1315 2004; x_wconf 84' lang='lat' dir='ltr'>concupisceret,</span> 
     </span>
     <span class='ocr_line' id='line_1_80' title="bbox 992 2009 1326 2048; baseline 0 -8"><span class='ocrx_word' id='word_1_227' title='bbox 992 2009 1144 2041; x_wconf 87' lang='lat' dir='ltr'>Dominus</span> <span class='ocrx_word' id='word_1_228' title='bbox 1170 2009 1326 2048; x_wconf 91' lang='lat' dir='ltr'>decorem,</span> 
     </span>
     <span class='ocr_line' id='line_1_81' title="bbox 945 2056 1392 2096; baseline -0.002 -8"><span class='ocrx_word' id='word_1_229' title='bbox 945 2056 1030 2095; x_wconf 77' lang='lat' dir='ltr'>Quae</span> <span class='ocrx_word' id='word_1_230' title='bbox 1054 2066 1117 2089; x_wconf 87' lang='lat' dir='ltr'>non</span> <span class='ocrx_word' id='word_1_231' title='bbox 1141 2056 1204 2087; x_wconf 91' lang='lat' dir='ltr'>nisi</span> <span class='ocrx_word' id='word_1_232' title='bbox 1228 2056 1392 2096; x_wconf 87' lang='lat' dir='ltr'>parvulam</span> 
     </span>
     <span class='ocr_line' id='line_1_82' title="bbox 947 2104 1349 2143; baseline -0.005 -7"><span class='ocrx_word' id='word_1_233' title='bbox 947 2104 987 2136; x_wconf 86' lang='lat' dir='ltr'>Se</span> <span class='ocrx_word' id='word_1_234' title='bbox 1009 2104 1143 2143; x_wconf 84' lang='lat' dir='ltr'>praebet</span> <span class='ocrx_word' id='word_1_235' title='bbox 1167 2104 1349 2135; x_wconf 89' lang='lat' dir='ltr'>ancillulam</span> 
     </span>
    </p>

    <p class='ocr_par' dir='ltr' id='par_1_36' title="bbox 988 2150 1392 2191">
     <span class='ocr_line' id='line_1_83' title="bbox 988 2150 1392 2191; baseline -0.005 -8"><span class='ocrx_word' id='word_1_236' title='bbox 988 2150 1102 2183; x_wconf 88' lang='lat' dir='ltr'>Matris</span> <span class='ocrx_word' id='word_1_237' title='bbox 1127 2153 1200 2191; x_wconf 91' lang='lat' dir='ltr'>post</span> <span class='ocrx_word' id='word_1_238' title='bbox 1222 2150 1392 2190; x_wconf 87' lang='lat' dir='ltr'>honorem;</span> 
     </span>
    </p>
   </div>
   <div class='ocr_carea' id='block_1_26' title="bbox 906 2198 1307 2240">
    <p class='ocr_par' dir='ltr' id='par_1_37' title="bbox 906 2198 1307 2240">
     <span class='ocr_line' id='line_1_84' title="bbox 906 2198 1307 2240; baseline -0.007 -9"><span class='ocrx_word' id='word_1_239' title='bbox 906 2224 913 2231; x_wconf 93' lang='lat'>.</span> <span class='ocrx_word' id='word_1_240' title='bbox 943 2198 1095 2230; x_wconf 87' lang='lat' dir='ltr'>Eminens</span> <span class='ocrx_word' id='word_1_241' title='bbox 1120 2198 1307 2240; x_wconf 89' lang='lat' dir='ltr'>sublimitas,</span> 
     </span>
    </p>
   </div>
   <div class='ocr_carea' id='block_1_27' title="bbox 947 2245 1342 2324">
    <p class='ocr_par' dir='ltr' id='par_1_38' title="bbox 947 2245 1342 2324">
     <span class='ocr_line' id='line_1_85' title="bbox 947 2245 1342 2283; baseline -0.008 -6"><span class='ocrx_word' id='word_1_242' title='bbox 947 2245 1067 2278; x_wconf 74' lang='lat' dir='ltr'>Cuncta</span> <span class='ocrx_word' id='word_1_243' title='bbox 1091 2245 1148 2277; x_wconf 89' lang='lat' dir='ltr'>sed</span> <span class='ocrx_word' id='word_1_244' title='bbox 1171 2245 1342 2283; x_wconf 82' lang='lat' dir='ltr'>humilitaS,</span> 
     </span>
     <span class='ocr_line' id='line_1_86' title="bbox 991 2292 1338 2324; baseline -0.009 0"><span class='ocrx_word' id='word_1_245' title='bbox 991 2292 1104 2324; x_wconf 83' lang='lat' dir='ltr'>Refert</span> <span class='ocrx_word' id='word_1_246' title='bbox 1126 2293 1160 2323; x_wconf 94' lang='lat' dir='ltr'>in</span> <span class='ocrx_word' id='word_1_247' title='bbox 1186 2292 1338 2323; x_wconf 88' lang='lat' dir='ltr'>datorem.</span> 
     </span>
    </p>
   </div>
   <div class='ocr_carea' id='block_1_28' title="bbox 910 2349 1177 2389">
    <p class='ocr_par' dir='ltr' id='par_1_39' title="bbox 910 2349 1177 2389">
     <span class='ocr_line' id='line_1_87' title="bbox 910 2349 1177 2389; baseline -0.007 -7"><span class='ocrx_word' id='word_1_248' title='bbox 910 2375 918 2382; x_wconf 93' lang='lat'>.</span> <span class='ocrx_word' id='word_1_249' title='bbox 944 2349 1037 2381; x_wconf 86' lang='lat' dir='ltr'>Felix</span> <span class='ocrx_word' id='word_1_250' title='bbox 1061 2357 1177 2389; x_wconf 84' lang='lat' dir='ltr'>parens</span> 
     </span>
    </p>
   </div>
   <div class='ocr_carea' id='block_1_29' title="bbox 993 2395 1260 2439">
    <p class='ocr_par' dir='ltr' id='par_1_40' title="bbox 993 2395 1260 2439">
     <span class='ocr_line' id='line_1_88' title="bbox 993 2395 1260 2439; baseline -0.007 -11"><span class='ocrx_word' id='word_1_251' title='bbox 993 2399 1025 2428; x_wconf 89' lang='lat' dir='ltr'>et</span> <span class='ocrx_word' id='word_1_252' title='bbox 1046 2395 1260 2439; x_wconf 85' lang='lat' dir='ltr'>puerperium,</span> 
     </span>
    </p>
   </div>
  </div>
 </body>
</html>
