1652 2615
653 132 695 138 —-
746 115 906 145 236—

325 207 370 236 Ad
388 207 569 236 Benedictus.
879 204 1052 236 Coronatur

141 269 180 301 A·
210 267 397 298 Benedictus
924 250 1051 290 gemmis
1076 248 1297 290 praefulgidis,

256 315 348 353 pater
372 321 440 343 eum
465 311 540 350 filio,

208 360 396 391 Benedictus
1249 388 1255 394 ¹

255 406 295 436 sit
320 408 444 436 sanctus
469 403 608 443 spiritus,
949 390 993 422 ῘΠ
1021 392 1052 421 2·
1077 390 1185 428 VssSP
1197 396 1291 420 01'15·

207 452 396 483 Benedicms
1002 472 1046 499 Ad
1065 471 1243 506 Magnificat.

255 501 375 536 martyr
398 498 430 528 in
455 496 586 536 proelio,

209 545 245 576 In
271 553 330 583 quo
355 542 456 575 factus
808 542 847 572 A.
880 540 1027 580 Magnam
1053 537 1129 569 feeit
1153 535 1326 576 potentiam

256 595 304 622 est
326 590 427 622 vietor
450 590 595 629 inclitu33
925 587 1010 618 Deus
1032 585 1065 617 in
1089 584 1252 623 Januario,

209 637 293 668 Vicit
318 645 452 674 carnem,
879 633 1035 665 Timothei
1061 630 1249 663 dementiam

256 684 332 714 vicit
357 683 524 721 diabolum,
924 680 1017 711 Forti
1043 678 1230 718 disperdens
1254 676 1395 717 brachio,

210 730 294 762 Vicit
316 731 394 761 dura
880 726 1117 765 Superbientem
1151 724 1248 756 deicit

256 779 411 808 tormenta
434 775 599 815 praesidiS,
927 772 1135 805 Cruciandum
1157 771 1189 802 in
1213 769 1334 807 inferis,

215 824 344 854 Praeses
368 831 517 862 spernens
880 819 1027 851 Sanctum
1052 819 1093 849 ad
1119 818 1221 849 caelos
1246 815 1392 858 provehit

257 878 315 908 pro
341 868 465 900 Christo
491 868 647 900 saeculum
928 865 1146 899 coronandum
1171 864 1203 895 in
1228 864 1360 903 superis.

217 933 316 968 Propr.
332 933 553 968 Neapolitanum
570 934 637 967 imp.
652 931 776 967 Neapoli
793 928 872 958 1325.
886 945 924 950 —-
937 930 993 957 Die
1007 929 1201 964 ,nigeliiirigen
1217 927 1278 955 drei
1291 927 1428 961 Hymnen

142 970 224 997 Anal.
245 971 339 1004 XXII,
363 968 414 997 1537
435 978 477 1005 sq.

591 1059 632 1089 81.
665 1058 706 1088 De
726 1058 831 1089 saneto
852 1056 971 1087 Imerio.

280 1128 323 1159 In
351 1130 379 1160 1.
408 1128 619 1167 vesperis.
883 1124 984 1157 Decor
1011 1126 1158 1156 virtutum
1185 1125 1332 1165 omnium,

355 1191 546 1227 Antiphonae.
929 1172 1106 1202 Thesaurus
1133 1170 1249 1202 Christi
1273 1172 1404 1210 gratiae,

160 1250 190 1282 1.
214 1248 334 1279 Psaliat
356 1248 415 1278 hac
439 1248 589 1278 sincerius

260 1293 321 1325 Die
348 1294 439 1333 Plebs
462 1293 575 1331 fidelis,
943 1302 989 1333 In
1015 1302 1046 1335 1.
1071 1302 1298 1334 Noeturno.

216 1341 282 1379 Qua
305 1343 396 1379 pater
419 1340 551 1372 Imerius

261 1386 362 1418 Natus
388 1390 435 1417 est
458 1387 490 1417 in
517 1386 620 1418 caelis,
1029 1385 1222 1420 Antiphonae.

162 1444 193 1474 2.
218 1442 299 1473 Dum
325 1445 407 1473 esset
430 1442 464 1472 in
488 1450 627 1480 corpore,
827 1440 857 1472 1.
882 1440 1013 1472 Inclitus
1039 1440 1169 1472 Imerius

263 1488 420 1521 Christum
445 1491 492 1519 est
515 1490 647 1530 secutus,
931 1488 1084 1519 Parvulus
1109 1490 1212 1519 aetate

216 1536 254 1566 In
278 1535 437 1573 primaevo
462 1537 602 1573 tempore
885 1532 942 1564 Vir
967 1537 1033 1565 erat
1054 1534 1120 1572 jam
1140 1534 1264 1565 validus

262 1582 366 1613 Sacris
390 1581 560 1613 institutus.
931 1580 1048 1611 Mentis
1072 1580 1242 1619 probitate.

162 1638 192 1669 3.
218 1636 409 1676 Quamquam
433 1638 552 1667 tractus
577 1636 707 1677 gesserit
831 1636 861 1667 2.
886 1635 987 1667 Natus
1014 1645 1051 1668 ex
1075 1637 1235 1669 Abruzzia

264 1683 465 1715 Praesulatus
489 1692 605 1722 euram,
932 1682 1009 1714 Fuit
1030 1682 1083 1714 hie
1102 1683 1224 1725 beatus,

220 1728 384 1768 Nunquam
404 1733 508 1761 tamen
534 1729 652 1761 deserit
886 1729 1036 1761 Puritatis
1061 1730 1164 1769 gratia

263 1776 402 1807 Mentem
426 1775 493 1808 Deo
516 1785 635 1816 puram.
933 1776 1036 1816 Digne
1061 1777 1106 1808 sie
1126 1781 1264 1811 vocatus.

157 1833 191 1863 4.
215 1831 368 1863 Mundum
393 1841 413 1862 a
437 1832 578 1871 contagio
830 1832 861 1865 3.
889 1831 1006 1864 Christi
1029 1832 1194 1865 famulatui

264 1878 376 1910 Mundi
401 1887 435 1909 se
456 1879 595 1909 servavit
935 1880 1032 1911 Totus
1056 1880 1242 1912 inhaerebat

215 1923 260 1955 Et
283 1925 361 1955 caeli
384 1925 513 1964 conegio
887 1925 932 1958 Et
956 1927 1117 1958 doctrinae
1143 1927 1240 1958 cultui

264 1971 339 2002 Sese
364 1972 531 2010 coaptavit.
934 1973 1018 2013 Vigil
1042 1974 1237 2007 intendebat.

162 2028 192 2058 5.
219 2026 330 2059 Carnis
356 2026 476 2058 clausus
502 2034 628 2058 earcere
1196 2058 1202 2063 ι

265 2072 405 2104 Dissolvi
430 2073 549 2112 cupivit
1028 2056 1232 2091 Responsona.

218 2120 262 2151 Et
291 2128 359 2150 cum
384 2120 509 2152 Christo
534 2120 650 2159 vivere,
833 2113 862 2146 1.
890 2113 1031 2151 Superno
1062 2113 1154 2145 docta
1176 2114 1294 2144 lumine

267 2167 342 2200 Cum
368 2175 427 2205 quo
452 2168 543 2199 modo
569 2166 656 2198 vivit.-
934 2158 1086 2192 Cremona
1111 2160 1272 2199 dirigatur,

491 2241 498 2247 .
890 2205 1001 2238 Cordis
1026 2206 1144 2245 absque
1168 2207 1322 2239 velamine

337 2239 383 2268 Ad
400 2240 576 2276 Magnificat.
937 2252 1061 2284 Christo
1087 2252 1281 2297 confiteatur,

218 2298 403 2341 Magnifieat
424 2299 572 2331 Imerium
890 2300 951 2331 Per
975 2308 1064 2339 quem
1089 2301 1178 2333 tanto
1201 2302 1372 2335 munimine

264 2347 334 2378 Lux
358 2354 452 2378 verae
472 2345 654 2385 sapientiae,
935 2344 1101 2378 Proteetus
1127 2347 1303 2383 roboratur.
