1652 2615
717 148 969 182 —150—

358 246 402 277 In
427 243 653 275 Laudibus.
1053 243 1098 270 Ad
1117 243 1301 271 Benedictus.

871 299 911 330 A.
942 299 1116 338 Tamquam
1139 301 1222 332 latro
1248 300 1373 339 capitur

412 326 603 361 Antiphonae.
982 347 1122 386 undique
1147 347 1346 384 constrictus,

211 396 240 427 1.
266 394 319 425 Fit
343 403 405 425 nox
428 393 477 423 illi
500 391 615 423 flebilis
941 391 1099 432 Caeditur,
1127 393 1310 431 conspuitur

315 443 346 471 et
368 440 460 471 nimis
485 447 593 469 amara
983 439 1083 477 alapis
1105 437 1261 478 afflictus;

268 486 375 526 Matri,
402 485 525 526 quando
552 485 674 523 capitur
939 484 963 516 Ο
989 485 1099 515 matris
1124 485 1295 525 angustiae,

313 534 378 571 ejus
403 531 508 571 proles
534 539 618 564 cara.
985 539 1053 561 cum
1079 531 1206 563 audiret
1228 532 1328 562 ictus!

938 577 1000 609 Pro
1025 577 1116 609 nobis
1140 578 1220 609 haee
1243 578 1383 609 tolerans

210 600 241 631 2.
267 598 340 636 Fili,
369 596 468 629 dulcis
494 599 526 627 et
549 597 692 636 amande,
985 625 1027 655 Sit
1050 633 1106 656 rex
1132 625 1326 658 benedictus·

264 645 328 676 Fili
350 643 467 675 mundo
493 643 679 684 venerande,

308 690 467 729 Quomodo
492 693 525 721 te
547 690 659 723 video!

263 738 327 769 Fili
354 737 453 769 dulcis
479 739 511 767 et
536 737 679 776 dulcedo,
1004 717 1048 749 In
1075 720 1106 751 2·
1134 719 1347 758 vesperis.

262 785 324 817 Pro
349 787 380 815 te
406 792 459 815 cor
482 784 626 814 lamentis
651 783 753 823 laedo,
1048 792 1141 827 Super
1160 792 1300 820 Psalmos.

311 832 430 863 Poenas
452 833 522 861 tuas
548 830 648 862 doleo.
866 849 903 883 A.
933 849 985 880 Ad
1011 849 1113 880 locum
1138 849 1264 888 suplicii

206 898 235 929 3.
264 896 345 935 Heu,
371 897 442 935 heu,
469 904 559 934 quam
584 904 634 926 me
654 896 722 927 dire
737 898 806 927 tan·
983 896 1071 935 virgo
1097 904 1166 927 cum
1192 896 1331 927 venisset

581 945 667 982 gunt,
933 942 976 973 Et
1000 951 1069 973 cum
1093 943 1141 974 sui
1166 941 1224 973 filii

264 990 422 1030 Premunt‚
447 991 595 1028 torquent
610 992 704 1028 atque
720 988 806 1020 fran-
982 997 1104 1020 crucem
1130 990 1354 1029 conspexisset,

581 1039 657 1075 gunt
933 1036 1096 1075 Augentur

309 1082 386 1121 Tua,
413 1081 468 1121 fili,
491 1082 638 1113 vulnera!
977 1083 1123 1120 planctus
1149 1085 1180 1112 et
1202 1083 1353 1114 lacrimae

260 1129 335 1167 Fili,
361 1129 426 1160 vita
452 1127 555 1159 cordis
577 1129 649 1168 mei,
930 1128 1186 1168 Multiplicantur

260 1175 374 1206 Matris
399 1176 492 1213 atque
516 1183 636 1205 summa
659 1175 737 1214 spei,
979 1176 1102 1207 dolores
1128 1181 1159 1206 et
1182 1177 1353 1216 angustiae.

307 1221 382 1261 Fili,
411 1229 481 1251 mea
505 1221 635 1252 viscera.
1047 1249 1093 1276 Ad
1110 1249 1289 1284 Magnificat.

892 1330 900 1337 .
932 1307 1029 1345 Quam
1054 1307 1205 1337 maeroris
1231 1308 1325 1345 anget
1348 1307 1456 1350 moles,

931 1351 1061 1391 Spectat
1083 1355 1216 1384 matrem
1241 1353 1294 1392 pia
1316 1354 1422 1392 proles

976 1399 1091 1430 Mortis
1115 1400 1148 1430 in
1173 1400 1324 1430 arcticulo

929 1445 972 1477 Et
995 1447 1015 1478 J
1018 1446 1169 1477 ohannem
1194 1446 1385 1486 inspectavit

929 1493 1153 1532 Virginemque
1178 1494 1409 1525 commendavit

975 1539 1098 1578 Virgini
1124 1540 1291 1579 discipulo.

206 1288 237 1318 4.
263 1286 373 1326 Terra,
398 1289 507 1325 treme,
532 1286 590 1325 sol,
616 1286 767 1326 nigresce,
861 1307 888 1336 A

259 1333 364 1372 Petra,
391 1340 523 1371 crepans
548 1340 720 1371 expavesce

308 1379 444 1410 Facinus
469 1377 648 1419 furentium,

262 1425 363 1456 Necat
385 1426 495 1456 mortis
519 1428 708 1466 necatorem,

261 1472 348 1503 Tulit
371 1473 455 1504 vitae
479 1472 710 1511 redemptorem

306 1519 409 1550 Furor
432 1520 694 1558 persequentium.

204 1585 233 1616 5.
260 1584 425 1616 Planctum
449 1592 548 1615 meum
567 1593 629 1615 non
648 1589 802 1624 causatur,
931 1585 994 1624 Sic,
1020 1595 1037 1617 o
1063 1586 1161 1626 virgo,
1187 1589 1219 1617 te
1243 1587 1399 1627 adstante,

259 1631 318 1669 Qui
343 1640 410 1662 rem
436 1630 529 1670 digne
555 1632 763 1671 conspicatur,
929 1633 1024 1664 Fletu
1046 1631 1156 1664 fletum
1178 1633 1350 1664 innovante

306 1677 374 1717 Ego
399 1686 477 1716 sum,
503 1686 583 1716 quae
607 1680 708 1719 genui,
976 1679 1061 1710 Tuus
1084 1680 1140 1710 ille
1164 1681 1307 1719 moritur,

259 1724 338 1756 Fovi
362 1727 469 1756 natum
495 1727 526 1755 et
547 1725 663 1755 lactavi
929 1725 1052 1758 Dehinc
1077 1726 1145 1757 dire
1168 1727 1330 1758 lanceatus

257 1770 477 1810 Deincepsque
500 1771 678 1802 ministravi
930 1772 993 1804 Sed
1019 1773 1153 1804 humane
1175 1774 1347 1805 tumulatus

305 1817 455 1858 Satagens
478 1820 514 1848 ut
537 1818 635 1856 potui.
976 1820 1072 1852 Petra
1097 1818 1173 1851 forti
1199 1820 1369 1853 clauditur.

262 1881 344 1908 Brev.
373 1890 426 1908 ms.
456 1881 656 1917 Augustanum
686 1890 760 1909 saec.
791 1882 832 1910 15.
882 1883 951 1912 Cod.
983 1883 1116 1910 Vatican.
1145 1882 1239 1911 Palae
1269 1882 1334 1913 517.
1367 1901 1406 1905 —
1433 1887 1476 1914 In

189 1916 212 1944 1.
232 1919 332 1953 Vesp.
353 1917 375 1944 A
398 1917 422 1950 1,
444 1916 461 1945 3
481 1919 520 1945 Et
539 1919 692 1952 floriosae.
714 1935 749 1938 —
770 1919 791 1946 A
812 1920 838 1955 4,
860 1919 877 1947 6
898 1924 932 1948 ut
951 1924 996 1948 est
1013 1922 1123 1948 matris.
1139 1935 1174 1940 —
1188 1922 1229 1948 In
1243 1922 1351 1949 Laud.
1373 1922 1395 1949 A
1413 1922 1436 1958 1,
1460 1923 1474 1951 1

186 1963 255 1989 vcx3
276 1956 321 1982 illi
346 1956 426 1983 fehlt.
446 1970 483 1974 —
508 1954 529 1982 A
554 1955 582 1989 1,
602 1954 620 1984 3
647 1958 757 1985 Matris.
782 1972 818 1976 —
844 1957 866 1984 A
886 1956 913 1991 3,
934 1957 951 1985 5
970 1959 1094 1985 Mortem
1114 1961 1201 1995 atque
1221 1968 1358 1988 summae.
1379 1976 1415 1979 —
1435 1963 1476 1989 111

186 1990 211 2017 2.
231 1993 336 2027 Vesp.
362 1994 455 2029 Super
474 1995 518 2020 Ps.
540 1992 577 2027 A,
600 1995 615 2020 1
637 2003 679 2029 sq.
709 1995 790 2022 Inter
808 2004 845 2022 ve
866 2004 931 2023 cum
950 1997 1043 2032 virgo.

595 2084 643 2115 48.
673 2084 715 2115 De
735 2086 947 2127 compassione
967 2086 1053 2117 BMV.

318 2152 365 2184 In
393 2154 421 2184 1.
449 2152 665 2191 Vesperis,
928 2146 1065 2178 Tristem
1090 2156 1201 2187 gerens
1226 2149 1380 2182 theoriam

928 2194 1133 2225 Recensendo
1159 2196 1357 2235 prophetiam

395 2230 587 2266 Antiphonae.
971 2240 1124 2272 Simeonis
1149 2242 1257 2281 gladii,

196 2294 225 2324 1.
252 2291 364 2323 Stabat
388 2294 475 2333 virgo
501 2293 656 2333 dolorosa,
868 2297 899 2329 2.
926 2296 1027 2328 Dolor
1050 2297 1170 2340 ingens,
1199 2298 1289 2331 dolor
1313 2301 1378 2340 ille,

250 2339 356 2371 Mater
379 2340 497 2373 Christi
521 2349 681 2380 generosa,
921 2342 1029 2375 Genae
1052 2344 1173 2385 pallent
1199 2348 1230 2376 et
1252 2348 1409 2388 maxillae,

297 2388 394 2420 Juxta
419 2396 540 2418 crucem
567 2387 635 2430 filii,
971 2390 1036 2422 Ora
1057 2391 1162 2430 rigant
1185 2393 1345 2434 lacrimae,
