1652 2615
707 148 960 182 —178—

263 244 301 275 In
327 243 446 274 eithara
469 243 631 275 laudemus

309 292 440 321 matrem
463 290 496 320 in
519 288 584 321 filio

266 336 446 367 Exal'tatam

309 391 404 421 super
427 382 541 413 sidera.

193 428 230 460 V.
260 429 380 467 Regina
403 428 490 468 regni
514 427 661 459 Davidiei

264 474 351 505 Stola
371 474 436 512 jam
462 472 561 512 fulget
582 473 710 512 duplici.

206 531 237 563 3.
261 530 361 561 Beata
384 529 558 568 progenies,

307 575 392 606 unde
417 575 559 607 Christus
583 576 674 606 natus
700 576 757 616 est,

260 621 348 660 Ejus,
375 621 428 660 qui
452 621 590 660 portavit
615 620 783 663 Christum,

308 670 419 699 venter
442 668 553 699 beatus
579 669 635 707 est,

258 714 336 752 Ejus
360 722 460 753 neque
483 723 538 753 pes
567 717 615 745 est
640 714 730 745 datus

307 761 340 791 in
366 762 612 799 commotionem,

261 806 371 846 Neque
396 815 468 838 caro
493 807 646 846 permissa

307 853 416 884 videre
441 854 688 895 corruptionem3

192 898 230 931 V.
258 899 342 930 Ante
366 900 516 931 suscitata

309 946 391 977 diem
415 946 616 978 novissimum

260 992 377 1023 Locum
398 995 483 1023 tenet
507 994 573 1032 regi

306 1039 414 1078 regina
437 1039 621 1077 proximum.

203 1094 234 1125 4.
264 1095 292 1124 A
319 1094 438 1125 dextris
462 1095 544 1134 regis

305 1140 431 1171 adsistit
451 1142 516 1179 J'am
540 1142 658 1180 regina,

257 1185 367 1217 Carnis
392 1187 493 1226 gloria

305 1233 412 1271 utique
437 1236 484 1263 est
509 1233 625 1272 divina,

260 1277 309 1308 De
333 1287 392 1317 quo
418 1287 510 1317 passo

305 1324 375 1362 plus
399 1325 503 1356 Maria
528 1325 638 1367 doluit,

260 1371 289 1400 A
314 1373 464 1409 regnante

305 1417 375 1455 plus
400 1416 487 1448 beari
510 1419 641 1458 meruit3

190 1462 227 1495 V.
259 1462 353 1494 Carni
377 1463 476 1494 vicem

305 1508 411 1541 reddit
434 1510 689 1550 immortalitatis,

258 1554 308 1585 De
332 1564 393 1594 qua
417 1558 532 1586 sortem

302 1604 478 1640 sumpserat
502 1602 692 1642 fragilitatis.

316 1686 361 1716 In
387 1687 418 1718 3,
444 1685 671 1719 Noeturno.

391 1749 438 1777 Ad
462 1750 589 1778 Cantica.

184 1797 227 1829 A.
257 1797 363 1837 Virgo,
389 1800 498 1829 tenens
522 1799 623 1830 nostri

305 1844 424 1875 clavem
450 1845 568 1884 auxilii,

256 1890 341 1928 Quae
362 1891 428 1929 jam
454 1891 623 1922 dominaris

302 1937 335 1967 in
359 1945 454 1977 regno
478 1936 546 1976 filii,

256 1983 301 2015 Ut
325 1982 439 2014 festum
463 1984 509 2014 tui

299 2029 364 2067 jam
388 2028 523 2069 perfecti
547 2030 653 2070 gaudii

257 2074 330 2106 Fiat
353 2076 453 2107 nostri

305 2122 449 2153 solatium
473 2123 590 2155 auxilii.

389 2187 594 2222 Responsoria.

192 2235 228 2268 1.
256 2234 351 2273 Virga
376 2235 476 2274 Jesse,

301 2289 381 2320 quae
405 2281 562 2320 quondam
591 2279 706 2323 floruit,

253 2328 336 2359 Dum
360 2328 393 2359 in
418 2336 455 2359 ea

300 2373 357 2406 flos
383 2383 507 2408 carnem
531 2375 644 2416 induit,

933 243 997 274 Per
1022 240 1165 278 eundem,

981 295 1072 326 quem
1096 287 1232 325 primum
1256 284 1373 325 attulit,

933 334 1077 365 Secundo
1099 332 1201 364 carnis

976 378 1085 411 florem
1106 379 1254 418 protulit3

893 453 900 459 .
931 427 1016 466 Quae
1039 425 1130 456 nobis

979 472 1096 511 lignum
1122 471 1206 502 vitae
1229 470 1364 509 peperit,

932 518 999 550 Sibi
1025 518 1122 549 vitam

978 573 1016 596 ex
1037 572 1072 595 eo
1097 563 1249 603 repperit.

875 630 905 660 ‘.
931 629 1024 660 Felix
1047 629 1105 660 illa
1129 626 1191 658 fuit

977 674 1160 714 temporalis
1185 674 1273 715 hora,

932 722 1000 760 Qua
1023 721 1156 760 peracta
1177 720 1290 751 mortis

978 768 1138 807 pretiosae
1161 775 1249 798 mora

930 815 969 846 In
994 814 1190 846 aeternitatis

978 861 1117 900 resurgit
1140 868 1256 891 aurora

932 907 1037 939 Mater
1062 907 1181 939 Christi
1204 914 1298 938 carne

979 955 1061 985 sieut
1084 954 1132 985 sol
1158 954 1283 986 decora.

892 1025 898 1032 .
929 1000 1107 1033 Pertransit
1132 1000 1172 1031 de
1196 1008 1310 1031 aurora

976 1047 1009 1078 in
1031 1046 1194 1078 meridiem

930 1094 1060 1126 Omnem
1083 1093 1310 1124 transcendens

977 1140 1158 1179 angelorum
1183 1139 1306 1172 seriem.

897 1230 904 1238 .
929 1206 1115 1237 Resurrexit
1140 1205 1292 1246 Christus,

977 1252 1030 1291 qui
1055 1253 1173 1283 creavit
1195 1252 1308 1289 omnia,

929 1298 1035 1330 Maria
1058 1298 1194 1338 resurgit

975 1345 1009 1375 in
1034 1344 1143 1376 eadem
1167 1344 1277 1385 gloria,

930 1391 1027 1422 Sedet
1051 1390 1192 1422 Christus
1216 1391 1250 1421 in
1274 1392 1407 1429 paterno

973 1438 1072 1476 J'udex
1096 1437 1185 1477 solio,

929 1481 1022 1515 Patri
1047 1484 1168 1515 medius
1194 1486 1226 1514 et
1249 1484 1344 1514 matri

977 1530 1132 1561 communi
1156 1530 1286 1569 gaudi03

893 1600 900 1608 .
930 1576 1069 1608 Trinitas
1093 1576 1197 1615 beata,

977 1623 1031 1654 ubi
1055 1623 1182 1654 unitura

930 1669 969 1700 In
993 1669 1087 1700 tertio
1114 1669 1245 1700 duorum

976 1718 1108 1755 utraque
1132 1718 1256 1747 natura.

895 1796 901 1802 .
928 1771 1048 1809 Gaude,
1074 1771 1180 1803 Maria

975 1819 1073 1858 virgo,
1096 1821 1198 1850 mater
1221 1818 1338 1858 gaudii,

930 1864 1051 1904 Gaude,
1077 1864 1267 1904 principium

974 1912 1076 1942 nostri
1099 1911 1243 1949 remedii,

928 1958 1090 1989 Initiatrix

975 2005 1083 2036 arcani
1111 2004 1243 2044 consilii,

926 2050 1024 2082 Pleno
1049 2051 1151 2090 gaude

975 2097 1088 2136 gaudio
1111 2096 1180 2138 filii,

928 2143 1019 2175 Dono
1046 2144 1133 2183 cujus
1157 2144 1217 2176 tibi

977 2190 1111 2222 donatur
1136 2192 1258 2223 culmen
1283 2193 1363 2226 solii.

889 2260 896 2268 .
927 2237 973 2268 Te
997 2240 1187 2269 venerantur

976 2284 1103 2315 ordines
1129 2285 1319 2327 caelestium,

928 2330 1028 2362 Omne
1051 2339 1132 2370 genu
1156 2340 1191 2363 se

976 2377 1151 2410 substernit
1173 2382 1383 2416 terrestrium.
