1652 2615
228 430 244 461 1

742 163 786 168 —
835 141 903 176 153
952 160 996 166 -

616 233 664 264 49.
696 233 739 265 De
760 233 1025 266 Commendatione
1044 232 1129 264 BM'V.

355 300 401 331 In
430 300 460 334 1.
488 302 704 341 VesperiS.

429 374 652 423 Antiphonaen-

287 428 431 462 Cubante
454 433 476 465 J
478 441 532 464 esu
559 433 704 465 dolorose

332 477 371 509 In
396 479 499 511 crucis
523 480 668 520 patibulo

284 524 432 556 Accessit
455 530 557 559 mater
580 527 750 560 lacrimose

330 571 395 603 Sub
431 581 524 605 cruce
548 576 636 606 stans
660 576 692 607 in
718 577 838 616 patulo,

283 618 383 657 Quam
407 619 533 652 intuens
559 630 703 654 amorose

331 666 541 699 Commendat
566 668 735 708 discipulo.

282 722 361 753 Filii
384 724 568 762 praesentia

330 769 438 801 Mater
463 771 616 803 destituta

280 816 327 849 Ut
352 816 456 849 Cedar
479 818 687 851 tabernacula

330 864 391 895 Est
414 865 507 904 nigra
532 866 713 900 constituta.

248 947 255 953 .
282 920 425 952 Felicior
451 925 520 953 erat
542 924 646 954 mater

332 968 492 1007 Concepto
517 969 580 1000 Dei
604 970 706 1009 radio,

282 1012 348 1046 Sed
372 1019 443 1047 erat
466 1014 627 1047 infelicior

330 1062 452 1094 Orbata.
475 1064 564 1094 tanto
589 1062 665 1097 filio.

279 1116 334 1148 Sol
359 1118 513 1158 virginem
538 1119 694 1150 coloravit

327 1164 452 1196 Decore
476 1166 701 1207 conceptionis,

281 1210 345 1243 Sed
371 1220 440 1243 eam
466 1213 661 1244 decoloravit

325 1259 446 1291 Dolore
471 1259 707 1299 compassionis,

275 1314 466 1347 Recolorata
492 1316 609 1348 dicitur

324 1361 436 1393 Dulcis
466 1362 555 1403 virgo
581 1364 613 1393 et
636 1365 738 1394 mater

276 1409 315 1442 In
339 1410 571 1441 resurrectione
596 1408 664 1451 filii,

323 1455 386 1489 Dei
410 1457 548 1496 genitrix
574 1459 606 1487 et
628 1460 762 1497 martyr.

275 1512 360 1544 Dum
381 1512 499 1544 Tobias
524 1512 591 1545 filio

322 1559 400 1591 Vias
420 1561 574 1592 virtutum
591 1561 830 1602 demonstravit,

278 1607 462 1646 Figurando
486 1610 518 1639 et
541 1609 682 1640 notando

323 1654 485 1687 Christum
511 1656 699 1696 designavit,

276 1702 353 1734 Cum
380 1705 536 1733 amentem
567 1705 599 1733 et
625 1703 784 1736 dolentem

324 1748 392 1780 Sibi
416 1752 551 1781 matrem
576 1751 818 1785 commendavit.

272 1795 416 1829 Christus
439 1797 487 1828 sol
513 1806 605 1828 verus
631 1798 735 1829 oriens

275 1843 325 1876 Ac
348 1844 382 1874 in
409 1852 501 1875 cruce
525 1845 664 1876 moriens

322 1890 454 1922 Secreta
479 1891 636 1931 discipulo

368 1940 533 1972 reseravit.

390 2013 436 2041 Ad
455 2013 642 2041 Benedictus.

270 2072 408 2111 Simeon,
435 2075 523 2104 vates
548 2071 687 2115 Domini,

271 2120 326 2152 Ad
351 2123 383 2152 te
407 2120 551 2160 reginam
576 2120 658 2151 caeli

271 2167 372 2199 Tuam
397 2168 560 2207 praedixit
583 2168 815 2200 sanctissimam

271 2215 420 2249 Gladium
445 2215 573 2247 vibrare
595 2216 742 2255 animam,

271 2261 370 2294 Tuam
395 2263 493 2303 igitur
512 2265 642 2304 agentes

271 2310 505 2348 Compassionis
530 2310 715 2342 memoriam

269 2356 396 2390 Perduc
420 2358 568 2397 precibus

271 2404 323 2436 Ad
346 2413 517 2443 perennem
542 2405 687 2446 gloriam.

903 1589 933 1624 1.

886 1778 925 1809 V.

886 2263 921 2296 V.

1029 304 1091 335 Ad
1115 303 1382 334 Matutinum.

1103 387 1318 414 Invitatorium.

968 444 1125 476 Christum
1149 452 1207 482 pro
1233 443 1323 475 nobis
1348 451 1475 483 passum

964 491 1144 522 Adoremus
1167 490 1348 529 Dominum,

966 537 1024 576 Qui
1050 539 1104 577 pie
1127 538 1269 577 respexit
1291 541 1423 569 matrem

966 584 1079 616 Secum
1104 584 1136 615 in
1163 585 1274 616 dolore
1297 584 1442 624 positam.

1054 727 1101 758 In
1126 726 1354 758 Nocturno.

1110 809 1304 845 Antiphonae.

932 890 939 897 .
965 866 1072 898 David
1094 874 1200 906 regem
1224 867 1298 898 dum
1323 866 1446 906 fugavit

1013 914 1227 945 Persecutoris
1250 915 1386 953 gladiuS‚

963 962 1099 1001 Patrem,
1126 963 1257 992 matrem
1282 963 1500 1001 praeservavit

1009 1009 1040 1039 A
1063 1007 1146 1038 malo
1173 1007 1304 1039 devotus
1327 1008 1422 1040 filius.

929 1087 936 1094 .
962 1063 1096 1095 Dulcem
1121 1064 1263 1102 parentis
1288 1065 1423 1096 animam

1009 1110 1099 1142 Tunc
1122 1111 1331 1148 pertransivit
1354 1112 1457 1143 acrius

961 1156 1059 1188 Juxta
1085 1157 1215 1189 verbum
1240 1157 1394 1190 Simeonis

1007 1204 1170 1236 Passionis
1195 1205 1329 1244 gladius.

925 1284 932 1291 .
958 1260 1042 1291 Dum
1067 1259 1221 1291 Simeonis
1246 1261 1371 1300 gladius

1010 1308 1158 1339 Animam
1182 1308 1293 1339 matris
1318 1306 1504 1349 perforavit,

958 1354 1049 1385 Tunc
1066 1354 1211 1387 Christus
1228 1355 1261 1385 in
1281 1363 1374 1386 cruce
1389 1357 1513 1395 positus

1005 1401 1169 1441 Virginem
1206 1402 1321 1441 virgini
1357 1410 1513 1435 commen-

1286 1450 1383 1482 davit.

1098 1532 1307 1568 Responsoria.

959 1590 1099 1622 Verbum
1123 1591 1300 1630 prophetae
1326 1592 1456 1623 caelitus

1007 1637 1083 1669 Nati
1115 1639 1243 1677 supplet
1265 1639 1416 1678 inopiam,

959 1684 1023 1716 Sed
1048 1685 1134 1717 vitae
1157 1687 1250 1716 natus
1276 1686 1421 1718 redditus

1005 1731 1121 1763 Matris
1145 1732 1238 1771 pellit
1261 1733 1443 1774 tristitiam3

955 1778 1091 1819 Lignum
1116 1779 1217 1810 crucis

1003 1825 1114 1857 intulit
1136 1827 1328 1858 maestitiam

957 1873 1054 1905 Dulci
1078 1874 1173 1905 matri

1004 1929 1064 1961 per
1087 1921 1198 1952 mortis
1222 1922 1394 1953 miseriam.

956 1978 1095 2010 Verbum
1121 1978 1206 2009 vitae

1005 2025 1079 2056 dum
1103 2025 1210 2064 palam
1233 2027 1376 2064 moritur,

955 2072 1051 2112 Legis
1076 2072 1220 2104 mandati

1003 2128 1119 2160 parens
1150 2121 1338 2164 ostenditur,

956 2167 1103 2200 Clamant
1127 2176 1253 2201 omnes:
1284 2169 1431 2211 vincitur,

955 2215 1041 2247 Hinc
1065 2214 1146 2247 fides
1172 2216 1347 2250 extollitur.

952 2262 1098 2295 Christus
1121 2263 1154 2294 in
1181 2271 1274 2294 cruce

1003 2311 1077 2343 dum
1102 2310 1321 2349 triumphavit,

954 2359 1095 2390 Matrem
1125 2357 1281 2396 discipulo

1004 2404 1246 2437 commendavit.
