<?xml version="1.0" encoding="UTF-8"?>
<!DOCTYPE html PUBLIC "-//W3C//DTD XHTML 1.0 Transitional//EN"
    "http://www.w3.org/TR/xhtml1/DTD/xhtml1-transitional.dtd">
<html xmlns="http://www.w3.org/1999/xhtml" xml:lang="en" lang="en">
 <head>
  <title>
</title>
<meta http-equiv="Content-Type" content="text/html;charset=utf-8" />
  <meta name='ocr-system' content='tesseract 3.04.00' />
  <meta name='ocr-capabilities' content='ocr_page ocr_carea ocr_par ocr_line ocrx_word'/>
</head>
<body>
  <div class='ocr_page' id='page_1' title='image "./analectahymnica24drevuoft_00132.png"; bbox 0 0 1652 2615; ppageno 0'>
   <div class='ocr_carea' id='block_1_1' title="bbox 730 133 985 168">
    <p class='ocr_par' dir='ltr' id='par_1_1' title="bbox 730 133 985 168">
     <span class='ocr_line' id='line_1_1' title="bbox 730 133 985 168; baseline -0.008 1"><span class='ocrx_word' id='word_1_1' title='bbox 730 133 985 168; x_wconf 79' lang='lat'>-129-</span> 
     </span>
    </p>
   </div>
   <div class='ocr_carea' id='block_1_2' title="bbox 220 226 586 265">
    <p class='ocr_par' dir='ltr' id='par_1_2' title="bbox 220 226 586 265">
     <span class='ocr_line' id='line_1_2' title="bbox 220 226 586 265; baseline 0.003 -7"><span class='ocrx_word' id='word_1_2' title='bbox 220 227 251 258; x_wconf 82' lang='lat'>3.</span> <span class='ocrx_word' id='word_1_3' title='bbox 279 226 402 265; x_wconf 72' lang='lat' dir='ltr'>Quanta</span> <span class='ocrx_word' id='word_1_4' title='bbox 426 228 586 260; x_wconf 87' lang='lat' dir='ltr'>mirabilia</span> 
     </span>
    </p>
   </div>
   <div class='ocr_carea' id='block_1_3' title="bbox 276 273 715 402">
    <p class='ocr_par' dir='ltr' id='par_1_3' title="bbox 276 273 715 402">
     <span class='ocr_line' id='line_1_3' title="bbox 325 273 599 317; baseline 0.004 -12"><span class='ocrx_word' id='word_1_5' title='bbox 325 273 411 305; x_wconf 90' lang='lat' dir='ltr'>Deus</span> <span class='ocrx_word' id='word_1_6' title='bbox 436 273 599 317; x_wconf 78' lang='lat' dir='ltr'>patefecit,</span> 
     </span>
     <span class='ocr_line' id='line_1_4' title="bbox 276 321 552 353; baseline 0.011 -3"><span class='ocrx_word' id='word_1_7' title='bbox 276 321 365 351; x_wconf 82' lang='lat' dir='ltr'>Inter</span> <span class='ocrx_word' id='word_1_8' title='bbox 394 322 552 353; x_wconf 80' lang='lat' dir='ltr'>terribilia</span> 
     </span>
     <span class='ocr_line' id='line_1_5' title="bbox 323 367 715 402; baseline 0.005 -3"><span class='ocrx_word' id='word_1_9' title='bbox 323 367 406 399; x_wconf 84' lang='lat' dir='ltr'>Dum</span> <span class='ocrx_word' id='word_1_10' title='bbox 433 371 566 400; x_wconf 88' lang='lat' dir='ltr'>matrem</span> <span class='ocrx_word' id='word_1_11' title='bbox 593 367 715 402; x_wconf 88' lang='lat' dir='ltr'>refecit.</span> 
     </span>
    </p>
   </div>
   <div class='ocr_carea' id='block_1_4' title="bbox 420 471 625 507">
    <p class='ocr_par' dir='ltr' id='par_1_4' title="bbox 420 471 625 507">
     <span class='ocr_line' id='line_1_6' title="bbox 420 471 625 507; baseline -0.005 -9"><span class='ocrx_word' id='word_1_12' title='bbox 420 471 625 507; x_wconf 85' lang='lat' dir='ltr'>Responsoria.</span> 
     </span>
    </p>
   </div>
   <div class='ocr_carea' id='block_1_5' title="bbox 235 526 821 889">
    <p class='ocr_par' dir='ltr' id='par_1_5' title="bbox 248 526 805 663">
     <span class='ocr_line' id='line_1_7' title="bbox 248 526 757 568; baseline 0.006 -12"><span class='ocrx_word' id='word_1_13' title='bbox 248 549 255 557; x_wconf 91' lang='lat'><strong><em>.</em></strong></span> <span class='ocrx_word' id='word_1_14' title='bbox 281 526 379 565; x_wconf 84' lang='lat' dir='ltr'>Virgo</span> <span class='ocrx_word' id='word_1_15' title='bbox 403 528 527 566; x_wconf 86' lang='lat' dir='ltr'>pallent</span> <span class='ocrx_word' id='word_1_16' title='bbox 550 531 624 560; x_wconf 89' lang='lat' dir='ltr'>tuae</span> <span class='ocrx_word' id='word_1_17' title='bbox 648 537 757 568; x_wconf 79' lang='lat' dir='ltr'>genae,</span> 
     </span>
     <span class='ocr_line' id='line_1_8' title="bbox 279 572 805 614; baseline 0.008 -11"><span class='ocrx_word' id='word_1_18' title='bbox 279 572 411 611; x_wconf 74' lang='lat' dir='ltr'>Quando</span> <span class='ocrx_word' id='word_1_19' title='bbox 436 574 531 606; x_wconf 87' lang='lat' dir='ltr'>subdi</span> <span class='ocrx_word' id='word_1_20' title='bbox 557 576 659 609; x_wconf 87' lang='lat' dir='ltr'>crucis</span> <span class='ocrx_word' id='word_1_21' title='bbox 685 583 805 614; x_wconf 88' lang='lat' dir='ltr'>poenae</span> 
     </span>
     <span class='ocr_line' id='line_1_9' title="bbox 324 620 653 663; baseline 0.009 -12"><span class='ocrx_word' id='word_1_22' title='bbox 324 620 422 652; x_wconf 90' lang='lat' dir='ltr'>Vides</span> <span class='ocrx_word' id='word_1_23' title='bbox 447 621 653 663; x_wconf 83' lang='lat' dir='ltr'>unigenitum,</span> 
     </span>
    </p>

    <p class='ocr_par' dir='ltr' id='par_1_6' title="bbox 276 666 821 802">
     <span class='ocr_line' id='line_1_10' title="bbox 277 666 811 708; baseline 0.006 -11"><span class='ocrx_word' id='word_1_24' title='bbox 277 666 395 705; x_wconf 86' lang='lat' dir='ltr'>Spinae</span> <span class='ocrx_word' id='word_1_25' title='bbox 414 671 509 707; x_wconf 81' lang='lat' dir='ltr'>caput</span> <span class='ocrx_word' id='word_1_26' title='bbox 525 672 600 700; x_wconf 90' lang='lat' dir='ltr'>tunc</span> <span class='ocrx_word' id='word_1_27' title='bbox 618 669 811 708; x_wconf 85' lang='lat' dir='ltr'>contingunt,</span> 
     </span>
     <span class='ocr_line' id='line_1_11' title="bbox 276 713 821 755; baseline 0.004 -10"><span class='ocrx_word' id='word_1_28' title='bbox 276 713 403 753; x_wconf 82' lang='lat' dir='ltr'>Manus,</span> <span class='ocrx_word' id='word_1_29' title='bbox 429 715 529 754; x_wconf 87' lang='lat' dir='ltr'>pedes</span> <span class='ocrx_word' id='word_1_30' title='bbox 555 716 636 747; x_wconf 91' lang='lat' dir='ltr'>clavi</span> <span class='ocrx_word' id='word_1_31' title='bbox 662 715 821 755; x_wconf 80' lang='lat' dir='ltr'>stringunt</span> 
     </span>
     <span class='ocr_line' id='line_1_12' title="bbox 320 760 743 802; baseline 0.002 -11"><span class='ocrx_word' id='word_1_32' title='bbox 320 760 451 793; x_wconf 90' lang='lat' dir='ltr'>Nullum</span> <span class='ocrx_word' id='word_1_33' title='bbox 476 762 517 794; x_wconf 93' lang='lat' dir='ltr'>ob</span> <span class='ocrx_word' id='word_1_34' title='bbox 545 762 743 802; x_wconf 90' lang='lat' dir='ltr'>demeritum,</span> 
     </span>
    </p>

    <p class='ocr_par' dir='ltr' id='par_1_7' title="bbox 235 807 712 889">
     <span class='ocr_line' id='line_1_13' title="bbox 235 807 712 849; baseline 0 -10"><span class='ocrx_word' id='word_1_35' title='bbox 235 832 241 839; x_wconf 94' lang='lat'><strong><em>.</em></strong></span> <span class='ocrx_word' id='word_1_36' title='bbox 272 807 319 839; x_wconf 89' lang='lat' dir='ltr'>Te</span> <span class='ocrx_word' id='word_1_37' title='bbox 344 807 460 841; x_wconf 84' lang='lat' dir='ltr'>Judaei</span> <span class='ocrx_word' id='word_1_38' title='bbox 486 810 558 841; x_wconf 91' lang='lat' dir='ltr'>dolo</span> <span class='ocrx_word' id='word_1_39' title='bbox 585 810 712 849; x_wconf 83' lang='lat' dir='ltr'>cingunt</span> 
     </span>
     <span class='ocr_line' id='line_1_14' title="bbox 322 854 681 889; baseline 0.008 -3"><span class='ocrx_word' id='word_1_40' title='bbox 322 854 418 887; x_wconf 83' lang='lat' dir='ltr'>Suum</span> <span class='ocrx_word' id='word_1_41' title='bbox 443 857 485 888; x_wconf 87' lang='lat' dir='ltr'>ad</span> <span class='ocrx_word' id='word_1_42' title='bbox 509 857 681 889; x_wconf 88' lang='lat' dir='ltr'>interitum.</span> 
     </span>
    </p>
   </div>
   <div class='ocr_carea' id='block_1_6' title="bbox 231 939 732 1356">
    <p class='ocr_par' dir='ltr' id='par_1_8' title="bbox 231 939 732 1356">
     <span class='ocr_line' id='line_1_15' title="bbox 241 939 678 981; baseline 0 -10"><span class='ocrx_word' id='word_1_43' title='bbox 241 964 248 971; x_wconf 90' lang='lat'>.</span> <span class='ocrx_word' id='word_1_44' title='bbox 276 940 301 972; x_wconf 92' lang='grc' dir='ltr'><strong>Ο</strong></span> <span class='ocrx_word' id='word_1_45' title='bbox 326 939 442 981; x_wconf 87' lang='lat' dir='ltr'>Maria,</span> <span class='ocrx_word' id='word_1_46' title='bbox 469 944 562 980; x_wconf 88' lang='lat' dir='ltr'>porta</span> <span class='ocrx_word' id='word_1_47' title='bbox 586 941 678 978; x_wconf 89' lang='lat' dir='ltr'>vitae,</span> 
     </span>
     <span class='ocr_line' id='line_1_16' title="bbox 275 987 730 1027; baseline 0.002 -9"><span class='ocrx_word' id='word_1_48' title='bbox 275 987 397 1019; x_wconf 90' lang='lat' dir='ltr'>Videns</span> <span class='ocrx_word' id='word_1_49' title='bbox 426 988 523 1027; x_wconf 89' lang='lat' dir='ltr'>pungi</span> <span class='ocrx_word' id='word_1_50' title='bbox 547 988 630 1019; x_wconf 91' lang='lat' dir='ltr'>latus</span> <span class='ocrx_word' id='word_1_51' title='bbox 655 988 730 1019; x_wconf 86' lang='lat' dir='ltr'>mite</span> 
     </span>
     <span class='ocr_line' id='line_1_17' title="bbox 320 1033 622 1076; baseline 0.003 -12"><span class='ocrx_word' id='word_1_52' title='bbox 320 1033 455 1066; x_wconf 79' lang='lat' dir='ltr'>Militari</span> <span class='ocrx_word' id='word_1_53' title='bbox 482 1035 622 1076; x_wconf 87' lang='lat' dir='ltr'>cuspide,</span> 
     </span>
     <span class='ocr_line' id='line_1_18' title="bbox 273 1080 634 1113; baseline 0.003 -2"><span class='ocrx_word' id='word_1_54' title='bbox 273 1080 419 1113; x_wconf 88' lang='lat' dir='ltr'>Maluisti</span> <span class='ocrx_word' id='word_1_55' title='bbox 442 1082 489 1113; x_wconf 91' lang='lat' dir='ltr'>sic</span> <span class='ocrx_word' id='word_1_56' title='bbox 514 1081 634 1113; x_wconf 88' lang='lat' dir='ltr'>turbari</span> 
     </span>
     <span class='ocr_line' id='line_1_19' title="bbox 274 1128 694 1160; baseline -0.005 0"><span class='ocrx_word' id='word_1_57' title='bbox 274 1128 319 1160; x_wconf 86' lang='lat' dir='ltr'>Et</span> <span class='ocrx_word' id='word_1_58' title='bbox 344 1136 398 1159; x_wconf 89' lang='lat' dir='ltr'>cor</span> <span class='ocrx_word' id='word_1_59' title='bbox 421 1131 509 1160; x_wconf 90' lang='lat' dir='ltr'>tuum</span> <span class='ocrx_word' id='word_1_60' title='bbox 534 1128 694 1160; x_wconf 88' lang='lat' dir='ltr'>vulnerari</span> 
     </span>
     <span class='ocr_line' id='line_1_20' title="bbox 318 1175 732 1216; baseline -0.005 -9"><span class='ocrx_word' id='word_1_61' title='bbox 318 1175 418 1207; x_wconf 84' lang='lat' dir='ltr'>Ferro</span> <span class='ocrx_word' id='word_1_62' title='bbox 444 1176 553 1207; x_wconf 90' lang='lat' dir='ltr'>mortis</span> <span class='ocrx_word' id='word_1_63' title='bbox 579 1175 732 1216; x_wconf 75' lang='lat' dir='ltr'>trepidae,</span> 
     </span>
     <span class='ocr_line' id='line_1_21' title="bbox 231 1222 706 1261; baseline -0.004 -8"><span class='ocrx_word' id='word_1_64' title='bbox 231 1247 237 1253; x_wconf 96' lang='lat'>.</span> <span class='ocrx_word' id='word_1_65' title='bbox 273 1222 316 1255; x_wconf 91' lang='lat' dir='ltr'>Ut</span> <span class='ocrx_word' id='word_1_66' title='bbox 340 1223 470 1254; x_wconf 83' lang='lat' dir='ltr'>aeterna</span> <span class='ocrx_word' id='word_1_67' title='bbox 493 1224 595 1254; x_wconf 88' lang='lat' dir='ltr'>morte</span> <span class='ocrx_word' id='word_1_68' title='bbox 620 1222 706 1261; x_wconf 84' lang='lat' dir='ltr'>digni</span> 
     </span>
     <span class='ocr_line' id='line_1_22' title="bbox 271 1268 705 1308; baseline -0.009 -6"><span class='ocrx_word' id='word_1_69' title='bbox 271 1269 478 1302; x_wconf 85' lang='lat' dir='ltr'>Salvarentur</span> <span class='ocrx_word' id='word_1_70' title='bbox 506 1270 566 1301; x_wconf 89' lang='lat' dir='ltr'>hoc</span> <span class='ocrx_word' id='word_1_71' title='bbox 589 1268 705 1308; x_wconf 89' lang='lat' dir='ltr'>insigni</span> 
     </span>
     <span class='ocr_line' id='line_1_23' title="bbox 316 1315 593 1356; baseline 0 -8"><span class='ocrx_word' id='word_1_72' title='bbox 316 1315 454 1348; x_wconf 87' lang='lat' dir='ltr'>Salutari</span> <span class='ocrx_word' id='word_1_73' title='bbox 480 1317 593 1356; x_wconf 85' lang='lat' dir='ltr'>capite.</span> 
     </span>
    </p>
   </div>
   <div class='ocr_carea' id='block_1_7' title="bbox 228 1399 810 1863">
    <p class='ocr_par' dir='ltr' id='par_1_9' title="bbox 235 1399 711 1442">
     <span class='ocr_line' id='line_1_24' title="bbox 235 1399 711 1442; baseline -0.002 -10"><span class='ocrx_word' id='word_1_74' title='bbox 235 1425 242 1432; x_wconf 90' lang='lat'>.</span> <span class='ocrx_word' id='word_1_75' title='bbox 269 1399 350 1431; x_wconf 92' lang='lat' dir='ltr'>Diva</span> <span class='ocrx_word' id='word_1_76' title='bbox 374 1409 501 1439; x_wconf 88' lang='lat' dir='ltr'>sponsa,</span> <span class='ocrx_word' id='word_1_77' title='bbox 527 1403 627 1432; x_wconf 84' lang='lat' dir='ltr'>mater</span> <span class='ocrx_word' id='word_1_78' title='bbox 649 1400 711 1442; x_wconf 88' lang='lat' dir='ltr'>pia,</span> 
     </span>
    </p>

    <p class='ocr_par' dir='ltr' id='par_1_10' title="bbox 269 1446 688 1489">
     <span class='ocr_line' id='line_1_25' title="bbox 269 1446 688 1489; baseline 0 -11"><span class='ocrx_word' id='word_1_79' title='bbox 269 1447 365 1487; x_wconf 88' lang='lat' dir='ltr'>Virgo</span> <span class='ocrx_word' id='word_1_80' title='bbox 393 1447 504 1489; x_wconf 89' lang='lat' dir='ltr'>dulcis,</span> <span class='ocrx_word' id='word_1_81' title='bbox 531 1456 548 1479; x_wconf 96' lang='lat' dir='ltr'>o</span> <span class='ocrx_word' id='word_1_82' title='bbox 574 1446 688 1485; x_wconf 82' lang='lat' dir='ltr'>Maria,</span> 
     </span>
    </p>

    <p class='ocr_par' dir='ltr' id='par_1_11' title="bbox 268 1494 810 1534">
     <span class='ocr_line' id='line_1_26' title="bbox 268 1494 810 1534; baseline 0.002 -9"><span class='ocrx_word' id='word_1_83' title='bbox 268 1494 344 1534; x_wconf 83' lang='lat' dir='ltr'>Fac,</span> <span class='ocrx_word' id='word_1_84' title='bbox 372 1495 455 1533; x_wconf 86' lang='lat' dir='ltr'>quod</span> <span class='ocrx_word' id='word_1_85' title='bbox 481 1495 603 1525; x_wconf 85' lang='lat' dir='ltr'>hostem</span> <span class='ocrx_word' id='word_1_86' title='bbox 627 1502 810 1533; x_wconf 85' lang='lat' dir='ltr'>superemus</span> 
     </span>
    </p>

    <p class='ocr_par' dir='ltr' id='par_1_12' title="bbox 267 1540 797 1584">
     <span class='ocr_line' id='line_1_27' title="bbox 267 1540 797 1584; baseline 0.002 -12"><span class='ocrx_word' id='word_1_87' title='bbox 267 1540 311 1572; x_wconf 83' lang='lat' dir='ltr'>Et</span> <span class='ocrx_word' id='word_1_88' title='bbox 336 1541 419 1580; x_wconf 89' lang='lat' dir='ltr'>quod</span> <span class='ocrx_word' id='word_1_89' title='bbox 444 1542 546 1573; x_wconf 92' lang='lat' dir='ltr'>Deum</span> <span class='ocrx_word' id='word_1_90' title='bbox 572 1541 797 1584; x_wconf 82' lang='lat' dir='ltr'>collaudemus,</span> 
     </span>
    </p>

    <p class='ocr_par' dir='ltr' id='par_1_13' title="bbox 268 1587 797 1628">
     <span class='ocr_line' id='line_1_28' title="bbox 268 1587 797 1628; baseline 0.004 -9"><span class='ocrx_word' id='word_1_91' title='bbox 268 1587 326 1626; x_wconf 78' lang='lat' dir='ltr'>Qui</span> <span class='ocrx_word' id='word_1_92' title='bbox 350 1596 409 1628; x_wconf 87' lang='lat' dir='ltr'>per</span> <span class='ocrx_word' id='word_1_93' title='bbox 435 1597 559 1620; x_wconf 86' lang='lat' dir='ltr'>crucem</span> <span class='ocrx_word' id='word_1_94' title='bbox 584 1591 616 1619; x_wconf 88' lang='lat' dir='ltr'>et</span> <span class='ocrx_word' id='word_1_95' title='bbox 639 1591 797 1621; x_wconf 87' lang='lat' dir='ltr'>tormenta</span> 
     </span>
    </p>

    <p class='ocr_par' dir='ltr' id='par_1_14' title="bbox 268 1635 758 1723">
     <span class='ocr_line' id='line_1_29' title="bbox 268 1635 758 1668; baseline 0 -2"><span class='ocrx_word' id='word_1_96' title='bbox 268 1635 401 1667; x_wconf 85' lang='lat' dir='ltr'>Hostem</span> <span class='ocrx_word' id='word_1_97' title='bbox 427 1636 542 1668; x_wconf 90' lang='lat' dir='ltr'>stravit</span> <span class='ocrx_word' id='word_1_98' title='bbox 566 1638 598 1667; x_wconf 93' lang='lat' dir='ltr'>et</span> <span class='ocrx_word' id='word_1_99' title='bbox 618 1636 758 1667; x_wconf 85' lang='lat' dir='ltr'>lamenta</span> 
     </span>
     <span class='ocr_line' id='line_1_30' title="bbox 313 1682 694 1723; baseline 0.005 -10"><span class='ocrx_word' id='word_1_100' title='bbox 313 1682 455 1714; x_wconf 82' lang='lat' dir='ltr'>Revocat</span> <span class='ocrx_word' id='word_1_101' title='bbox 477 1684 510 1714; x_wconf 90' lang='lat' dir='ltr'>in</span> <span class='ocrx_word' id='word_1_102' title='bbox 536 1682 694 1723; x_wconf 84' lang='lat' dir='ltr'>gaudium.</span> 
     </span>
    </p>

    <p class='ocr_par' dir='ltr' id='par_1_15' title="bbox 228 1729 686 1769">
     <span class='ocr_line' id='line_1_31' title="bbox 228 1729 686 1769; baseline -0.004 -7"><span class='ocrx_word' id='word_1_103' title='bbox 228 1755 234 1762; x_wconf 88' lang='lat'>.</span> <span class='ocrx_word' id='word_1_104' title='bbox 267 1730 292 1762; x_wconf 95' lang='grc' dir='ltr'><strong>Ο</strong></span> <span class='ocrx_word' id='word_1_105' title='bbox 317 1729 500 1762; x_wconf 81' lang='lat' dir='ltr'>immensam</span> <span class='ocrx_word' id='word_1_106' title='bbox 527 1730 686 1769; x_wconf 80' lang='lat' dir='ltr'>deitatem,</span> 
     </span>
    </p>

    <p class='ocr_par' dir='ltr' id='par_1_16' title="bbox 269 1776 760 1863">
     <span class='ocr_line' id='line_1_32' title="bbox 269 1776 760 1816; baseline 0 -9"><span class='ocrx_word' id='word_1_107' title='bbox 269 1777 354 1816; x_wconf 74' lang='lat' dir='ltr'>Quae</span> <span class='ocrx_word' id='word_1_108' title='bbox 377 1776 545 1808; x_wconf 83' lang='lat' dir='ltr'>humanam</span> <span class='ocrx_word' id='word_1_109' title='bbox 570 1777 760 1816; x_wconf 82' lang='lat' dir='ltr'>pravitatem</span> 
     </span>
     <span class='ocr_line' id='line_1_33' title="bbox 318 1822 666 1863; baseline -0.003 -8"><span class='ocrx_word' id='word_1_110' title='bbox 318 1823 451 1855; x_wconf 85' lang='lat' dir='ltr'>Sustulit</span> <span class='ocrx_word' id='word_1_111' title='bbox 476 1832 534 1863; x_wconf 89' lang='lat' dir='ltr'>per</span> <span class='ocrx_word' id='word_1_112' title='bbox 557 1822 666 1855; x_wconf 89' lang='lat' dir='ltr'>filium.</span> 
     </span>
    </p>
   </div>
   <div class='ocr_carea' id='block_1_8' title="bbox 362 1985 663 2021">
    <p class='ocr_par' dir='ltr' id='par_1_17' title="bbox 362 1985 663 2021">
     <span class='ocr_line' id='line_1_34' title="bbox 362 1985 663 2021; baseline 0 -4"><span class='ocrx_word' id='word_1_113' title='bbox 362 1985 408 2017; x_wconf 87' lang='lat' dir='ltr'>In</span> <span class='ocrx_word' id='word_1_114' title='bbox 433 1986 663 2021; x_wconf 85' lang='lat' dir='ltr'>Laudibus.</span> 
     </span>
    </p>
   </div>
   <div class='ocr_carea' id='block_1_9' title="bbox 408 2070 605 2106">
    <p class='ocr_par' dir='ltr' id='par_1_18' title="bbox 408 2070 605 2106">
     <span class='ocr_line' id='line_1_35' title="bbox 408 2070 605 2106; baseline -0.005 -8"><span class='ocrx_word' id='word_1_115' title='bbox 408 2070 605 2106; x_wconf 81' lang='lat' dir='ltr'>Antiphonae.</span> 
     </span>
    </p>
   </div>
   <div class='ocr_carea' id='block_1_10' title="bbox 229 2138 758 2275">
    <p class='ocr_par' dir='ltr' id='par_1_19' title="bbox 229 2138 758 2275">
     <span class='ocr_line' id='line_1_36' title="bbox 229 2138 691 2179; baseline -0.006 -8"><span class='ocrx_word' id='word_1_116' title='bbox 229 2165 235 2172; x_wconf 94' lang='lat'><em>.</em></span> <span class='ocrx_word' id='word_1_117' title='bbox 262 2138 364 2179; x_wconf 88' lang='lat' dir='ltr'>Ligno</span> <span class='ocrx_word' id='word_1_118' title='bbox 392 2139 494 2170; x_wconf 89' lang='lat' dir='ltr'>crucis</span> <span class='ocrx_word' id='word_1_119' title='bbox 519 2138 691 2171; x_wconf 88' lang='lat' dir='ltr'>moriturus</span> 
     </span>
     <span class='ocr_line' id='line_1_37' title="bbox 262 2185 758 2219; baseline -0.006 -1"><span class='ocrx_word' id='word_1_120' title='bbox 262 2186 394 2218; x_wconf 87' lang='lat' dir='ltr'>Hostem</span> <span class='ocrx_word' id='word_1_121' title='bbox 420 2195 548 2219; x_wconf 85' lang='lat' dir='ltr'>saevum</span> <span class='ocrx_word' id='word_1_122' title='bbox 576 2185 758 2217; x_wconf 89' lang='lat' dir='ltr'>devicturus</span> 
     </span>
     <span class='ocr_line' id='line_1_38' title="bbox 310 2232 752 2275; baseline -0.011 -9"><span class='ocrx_word' id='word_1_123' title='bbox 310 2234 388 2266; x_wconf 86' lang='lat' dir='ltr'>Cum</span> <span class='ocrx_word' id='word_1_124' title='bbox 413 2236 561 2275; x_wconf 82' lang='lat' dir='ltr'>regnaret</span> <span class='ocrx_word' id='word_1_125' title='bbox 587 2232 752 2272; x_wconf 85' lang='lat' dir='ltr'>Dominus,</span> 
     </span>
    </p>
   </div>
   <div class='ocr_carea' id='block_1_11' title="bbox 959 228 1466 355">
    <p class='ocr_par' dir='ltr' id='par_1_20' title="bbox 959 228 1466 355">
     <span class='ocr_line' id='line_1_39' title="bbox 960 228 1425 266; baseline -0.004 -6"><span class='ocrx_word' id='word_1_126' title='bbox 960 229 1073 260; x_wconf 87' lang='lat' dir='ltr'>Vocem</span> <span class='ocrx_word' id='word_1_127' title='bbox 1097 228 1185 261; x_wconf 88' lang='lat' dir='ltr'>audit</span> <span class='ocrx_word' id='word_1_128' title='bbox 1211 228 1425 266; x_wconf 84' lang='lat' dir='ltr'>exclamantis,</span> 
     </span>
     <span class='ocr_line' id='line_1_40' title="bbox 959 274 1420 316; baseline -0.004 -9"><span class='ocrx_word' id='word_1_129' title='bbox 959 275 1034 308; x_wconf 89' lang='lat' dir='ltr'>Sese</span> <span class='ocrx_word' id='word_1_130' title='bbox 1057 276 1141 316; x_wconf 86' lang='lat' dir='ltr'>patri</span> <span class='ocrx_word' id='word_1_131' title='bbox 1163 274 1420 312; x_wconf 84' lang='lat' dir='ltr'>commendantis,</span> 
     </span>
     <span class='ocr_line' id='line_1_41' title="bbox 1004 322 1466 355; baseline 0 -1"><span class='ocrx_word' id='word_1_132' title='bbox 1004 322 1109 354; x_wconf 83' lang='lat' dir='ltr'>Mater</span> <span class='ocrx_word' id='word_1_133' title='bbox 1132 323 1260 355; x_wconf 84' lang='lat' dir='ltr'>adstans</span> <span class='ocrx_word' id='word_1_134' title='bbox 1286 322 1466 354; x_wconf 89' lang='lat' dir='ltr'>comminus.</span> 
     </span>
    </p>
   </div>
   <div class='ocr_carea' id='block_1_12' title="bbox 924 398 1308 437">
    <p class='ocr_par' dir='ltr' id='par_1_21' title="bbox 924 398 1308 437">
     <span class='ocr_line' id='line_1_42' title="bbox 924 398 1308 437; baseline -0.005 -6"><span class='ocrx_word' id='word_1_135' title='bbox 924 425 930 431; x_wconf 92' lang='lat'>.</span> <span class='ocrx_word' id='word_1_136' title='bbox 959 398 1033 430; x_wconf 86' lang='lat' dir='ltr'>Sola</span> <span class='ocrx_word' id='word_1_137' title='bbox 1058 406 1127 430; x_wconf 87' lang='lat' dir='ltr'>cum</span> <span class='ocrx_word' id='word_1_138' title='bbox 1152 398 1308 437; x_wconf 87' lang='lat' dir='ltr'>discipulo</span> 
     </span>
    </p>
   </div>
   <div class='ocr_carea' id='block_1_13' title="bbox 958 445 1344 578">
    <p class='ocr_par' dir='ltr' id='par_1_22' title="bbox 958 445 1344 578">
     <span class='ocr_line' id='line_1_43' title="bbox 1005 445 1312 484; baseline -0.003 -8"><span class='ocrx_word' id='word_1_139' title='bbox 1005 445 1159 477; x_wconf 88' lang='lat' dir='ltr'>Percusso</span> <span class='ocrx_word' id='word_1_140' title='bbox 1184 447 1312 484; x_wconf 84' lang='lat' dir='ltr'>pastore</span> 
     </span>
     <span class='ocr_line' id='line_1_44' title="bbox 958 491 1344 531; baseline -0.003 -8"><span class='ocrx_word' id='word_1_141' title='bbox 958 492 1077 524; x_wconf 86' lang='lat' dir='ltr'>Adstat</span> <span class='ocrx_word' id='word_1_142' title='bbox 1100 491 1178 524; x_wconf 91' lang='lat' dir='ltr'>flens</span> <span class='ocrx_word' id='word_1_143' title='bbox 1203 491 1344 531; x_wconf 88' lang='lat' dir='ltr'>patibulo</span> 
     </span>
     <span class='ocr_line' id='line_1_45' title="bbox 1006 538 1325 578; baseline 0 -7"><span class='ocrx_word' id='word_1_144' title='bbox 1006 538 1117 571; x_wconf 86' lang='lat' dir='ltr'>Cordis</span> <span class='ocrx_word' id='word_1_145' title='bbox 1142 540 1174 571; x_wconf 90' lang='lat' dir='ltr'>in</span> <span class='ocrx_word' id='word_1_146' title='bbox 1199 546 1325 578; x_wconf 83' lang='lat' dir='ltr'>angore.</span> 
     </span>
    </p>
   </div>
   <div class='ocr_carea' id='block_1_14' title="bbox 898 613 1377 646">
    <p class='ocr_par' dir='ltr' id='par_1_23' title="bbox 898 613 1377 646">
     <span class='ocr_line' id='line_1_46' title="bbox 898 613 1377 646; baseline -0.006 0"><span class='ocrx_word' id='word_1_147' title='bbox 898 635 928 645; x_wconf 83' lang='lat'>-.</span> <span class='ocrx_word' id='word_1_148' title='bbox 956 614 1080 646; x_wconf 88' lang='lat' dir='ltr'>Bellum</span> <span class='ocrx_word' id='word_1_149' title='bbox 1104 616 1210 646; x_wconf 91' lang='lat' dir='ltr'>movet</span> <span class='ocrx_word' id='word_1_150' title='bbox 1235 613 1377 644; x_wconf 88' lang='lat' dir='ltr'>caritatis</span> 
     </span>
    </p>
   </div>
   <div class='ocr_carea' id='block_1_15' title="bbox 957 660 1410 794">
    <p class='ocr_par' dir='ltr' id='par_1_24' title="bbox 957 660 1410 794">
     <span class='ocr_line' id='line_1_47' title="bbox 1002 660 1373 698; baseline -0.003 -6"><span class='ocrx_word' id='word_1_151' title='bbox 1002 661 1073 692; x_wconf 87' lang='lat' dir='ltr'>Suis</span> <span class='ocrx_word' id='word_1_152' title='bbox 1102 670 1158 692; x_wconf 84' lang='lat' dir='ltr'>rex</span> <span class='ocrx_word' id='word_1_153' title='bbox 1181 660 1373 698; x_wconf 84' lang='lat' dir='ltr'>vulneribus,</span> 
     </span>
     <span class='ocr_line' id='line_1_48' title="bbox 957 707 1410 747; baseline -0.004 -8"><span class='ocrx_word' id='word_1_154' title='bbox 957 708 1070 740; x_wconf 88' lang='lat' dir='ltr'>Curam</span> <span class='ocrx_word' id='word_1_155' title='bbox 1095 709 1237 747; x_wconf 83' lang='lat' dir='ltr'>praestet</span> <span class='ocrx_word' id='word_1_156' title='bbox 1261 707 1410 738; x_wconf 83' lang='lat' dir='ltr'>sauciatis</span> 
     </span>
     <span class='ocr_line' id='line_1_49' title="bbox 1003 754 1390 794; baseline -0.003 -9"><span class='ocrx_word' id='word_1_157' title='bbox 1003 755 1097 794; x_wconf 85' lang='lat' dir='ltr'>Virgo</span> <span class='ocrx_word' id='word_1_158' title='bbox 1124 764 1192 786; x_wconf 89' lang='lat' dir='ltr'>cum</span> <span class='ocrx_word' id='word_1_159' title='bbox 1219 754 1390 786; x_wconf 73' lang='lat' dir='ltr'>doloribus</span> 
     </span>
    </p>
   </div>
   <div class='ocr_carea' id='block_1_16' title="bbox 921 830 1328 869">
    <p class='ocr_par' dir='ltr' id='par_1_25' title="bbox 921 830 1328 869">
     <span class='ocr_line' id='line_1_50' title="bbox 921 830 1328 869; baseline -0.01 -6"><span class='ocrx_word' id='word_1_160' title='bbox 921 857 928 863; x_wconf 96' lang='lat'>.</span> <span class='ocrx_word' id='word_1_161' title='bbox 957 830 1149 862; x_wconf 86' lang='lat' dir='ltr'>Constitutus</span> <span class='ocrx_word' id='word_1_162' title='bbox 1171 831 1204 860; x_wconf 91' lang='lat' dir='ltr'>in</span> <span class='ocrx_word' id='word_1_163' title='bbox 1228 837 1328 869; x_wconf 84' lang='lat' dir='ltr'>agone</span> 
     </span>
    </p>
   </div>
   <div class='ocr_carea' id='block_1_17' title="bbox 952 875 1418 1011">
    <p class='ocr_par' dir='ltr' id='par_1_26' title="bbox 952 875 1418 1011">
     <span class='ocr_line' id='line_1_51' title="bbox 1002 875 1418 916; baseline -0.007 -8"><span class='ocrx_word' id='word_1_164' title='bbox 1002 877 1128 916; x_wconf 85' lang='lat' dir='ltr'>Septem</span> <span class='ocrx_word' id='word_1_165' title='bbox 1154 876 1251 908; x_wconf 86' lang='lat' dir='ltr'>verba</span> <span class='ocrx_word' id='word_1_166' title='bbox 1273 875 1418 915; x_wconf 83' lang='lat' dir='ltr'>protulit,</span> 
     </span>
     <span class='ocr_line' id='line_1_52' title="bbox 952 923 1375 962; baseline -0.005 -7"><span class='ocrx_word' id='word_1_167' title='bbox 952 924 1038 962; x_wconf 78' lang='lat' dir='ltr'>Quae</span> <span class='ocrx_word' id='word_1_168' title='bbox 1062 924 1227 956; x_wconf 89' lang='lat' dir='ltr'>revolvens</span> <span class='ocrx_word' id='word_1_169' title='bbox 1252 923 1375 954; x_wconf 91' lang='lat' dir='ltr'>ratione</span> 
     </span>
     <span class='ocr_line' id='line_1_53' title="bbox 1000 969 1397 1011; baseline 0.003 -10"><span class='ocrx_word' id='word_1_170' title='bbox 1000 969 1099 1011; x_wconf 86' lang='lat' dir='ltr'>Virgo</span> <span class='ocrx_word' id='word_1_171' title='bbox 1125 979 1230 1002; x_wconf 86' lang='lat' dir='ltr'>secum</span> <span class='ocrx_word' id='word_1_172' title='bbox 1255 970 1397 1002; x_wconf 88' lang='lat' dir='ltr'>contulit.</span> 
     </span>
    </p>
   </div>
   <div class='ocr_carea' id='block_1_18' title="bbox 918 1045 1389 1077">
    <p class='ocr_par' dir='ltr' id='par_1_27' title="bbox 918 1045 1389 1077">
     <span class='ocr_line' id='line_1_54' title="bbox 918 1045 1389 1077; baseline -0.006 0"><span class='ocrx_word' id='word_1_173' title='bbox 918 1071 924 1077; x_wconf 97' lang='lat'>.</span> <span class='ocrx_word' id='word_1_174' title='bbox 952 1045 1044 1077; x_wconf 88' lang='lat' dir='ltr'>Orbis</span> <span class='ocrx_word' id='word_1_175' title='bbox 1073 1047 1212 1077; x_wconf 87' lang='lat' dir='ltr'>tremunt</span> <span class='ocrx_word' id='word_1_176' title='bbox 1236 1045 1389 1076; x_wconf 87' lang='lat' dir='ltr'>elementa</span> 
     </span>
    </p>
   </div>
   <div class='ocr_carea' id='block_1_19' title="bbox 952 1091 1439 1224">
    <p class='ocr_par' dir='ltr' id='par_1_28' title="bbox 952 1091 1439 1224">
     <span class='ocr_line' id='line_1_55' title="bbox 999 1091 1380 1131; baseline -0.008 -7"><span class='ocrx_word' id='word_1_177' title='bbox 999 1092 1076 1124; x_wconf 86' lang='lat' dir='ltr'>Cum</span> <span class='ocrx_word' id='word_1_178' title='bbox 1099 1093 1225 1124; x_wconf 90' lang='lat' dir='ltr'>dolente</span> <span class='ocrx_word' id='word_1_179' title='bbox 1250 1091 1380 1131; x_wconf 84' lang='lat' dir='ltr'>virgine,</span> 
     </span>
     <span class='ocr_line' id='line_1_56' title="bbox 952 1137 1439 1181; baseline 0.002 -12"><span class='ocrx_word' id='word_1_180' title='bbox 952 1137 1093 1177; x_wconf 85' lang='lat' dir='ltr'>Carpunt</span> <span class='ocrx_word' id='word_1_181' title='bbox 1117 1140 1200 1181; x_wconf 87' lang='lat' dir='ltr'>luna,</span> <span class='ocrx_word' id='word_1_182' title='bbox 1229 1138 1276 1170; x_wconf 89' lang='lat' dir='ltr'>sol</span> <span class='ocrx_word' id='word_1_183' title='bbox 1299 1138 1439 1170; x_wconf 83' lang='lat' dir='ltr'>lamenta</span> 
     </span>
     <span class='ocr_line' id='line_1_57' title="bbox 996 1184 1395 1224; baseline 0 -7"><span class='ocrx_word' id='word_1_184' title='bbox 996 1185 1114 1217; x_wconf 81' lang='lat' dir='ltr'>Christi</span> <span class='ocrx_word' id='word_1_185' title='bbox 1139 1184 1208 1217; x_wconf 87' lang='lat' dir='ltr'>fuso</span> <span class='ocrx_word' id='word_1_186' title='bbox 1234 1185 1395 1224; x_wconf 83' lang='lat' dir='ltr'>sanguine.</span> 
     </span>
    </p>
   </div>
   <div class='ocr_carea' id='block_1_20' title="bbox 1072 1296 1321 1324">
    <p class='ocr_par' dir='ltr' id='par_1_29' title="bbox 1072 1296 1321 1324">
     <span class='ocr_line' id='line_1_58' title="bbox 1072 1296 1321 1324; baseline -0.004 0"><span class='ocrx_word' id='word_1_187' title='bbox 1072 1296 1118 1324; x_wconf 82' lang='lat' dir='ltr'>Ad</span> <span class='ocrx_word' id='word_1_188' title='bbox 1137 1297 1321 1324; x_wconf 83' lang='lat' dir='ltr'>Benedictus.</span> 
     </span>
    </p>
   </div>
   <div class='ocr_carea' id='block_1_21' title="bbox 909 1362 1422 1402">
    <p class='ocr_par' dir='ltr' id='par_1_30' title="bbox 909 1362 1422 1402">
     <span class='ocr_line' id='line_1_59' title="bbox 909 1362 1422 1402; baseline 0 -8"><span class='ocrx_word' id='word_1_189' title='bbox 909 1387 915 1394; x_wconf 97' lang='lat'>.</span> <span class='ocrx_word' id='word_1_190' title='bbox 947 1363 1090 1396; x_wconf 86' lang='lat' dir='ltr'>Christus</span> <span class='ocrx_word' id='word_1_191' title='bbox 1115 1362 1201 1394; x_wconf 87' lang='lat' dir='ltr'>Deus</span> <span class='ocrx_word' id='word_1_192' title='bbox 1225 1363 1422 1402; x_wconf 68' lang='lat' dir='ltr'>benedictus,</span> 
     </span>
    </p>
   </div>
   <div class='ocr_carea' id='block_1_22' title="bbox 947 1408 1438 1638">
    <p class='ocr_par' dir='ltr' id='par_1_31' title="bbox 947 1408 1438 1496">
     <span class='ocr_line' id='line_1_60' title="bbox 947 1408 1438 1449; baseline 0 -7"><span class='ocrx_word' id='word_1_193' title='bbox 947 1410 1030 1442; x_wconf 90' lang='lat' dir='ltr'>Dum</span> <span class='ocrx_word' id='word_1_194' title='bbox 1049 1410 1207 1449; x_wconf 85' lang='lat' dir='ltr'>penderet</span> <span class='ocrx_word' id='word_1_195' title='bbox 1230 1410 1277 1440; x_wconf 88' lang='lat' dir='ltr'>sic</span> <span class='ocrx_word' id='word_1_196' title='bbox 1301 1408 1438 1442; x_wconf 84' lang='lat' dir='ltr'>afflictus</span> 
     </span>
     <span class='ocr_line' id='line_1_61' title="bbox 994 1456 1289 1496; baseline -0.007 -7"><span class='ocrx_word' id='word_1_197' title='bbox 994 1456 1150 1489; x_wconf 86' lang='lat' dir='ltr'>Inclinato</span> <span class='ocrx_word' id='word_1_198' title='bbox 1177 1457 1289 1496; x_wconf 86' lang='lat' dir='ltr'>capite,</span> 
     </span>
    </p>

    <p class='ocr_par' dir='ltr' id='par_1_32' title="bbox 947 1504 1362 1544">
     <span class='ocr_line' id='line_1_62' title="bbox 947 1504 1362 1544; baseline -0.002 -8"><span class='ocrx_word' id='word_1_199' title='bbox 947 1504 1140 1544; x_wconf 87' lang='lat' dir='ltr'>Angelorum</span> <span class='ocrx_word' id='word_1_200' title='bbox 1162 1504 1362 1535; x_wconf 87' lang='lat' dir='ltr'>hierarchiae</span> 
     </span>
    </p>

    <p class='ocr_par' dir='ltr' id='par_1_33' title="bbox 948 1551 1406 1638">
     <span class='ocr_line' id='line_1_63' title="bbox 948 1551 1406 1584; baseline -0.004 0"><span class='ocrx_word' id='word_1_201' title='bbox 948 1551 1159 1584; x_wconf 86' lang='lat' dir='ltr'>Condolentes</span> <span class='ocrx_word' id='word_1_202' title='bbox 1184 1554 1259 1583; x_wconf 89' lang='lat' dir='ltr'>sunt</span> <span class='ocrx_word' id='word_1_203' title='bbox 1281 1551 1406 1583; x_wconf 82' lang='lat' dir='ltr'>Mariae</span> 
     </span>
     <span class='ocr_line' id='line_1_64' title="bbox 993 1598 1373 1638; baseline 0 -8"><span class='ocrx_word' id='word_1_204' title='bbox 993 1598 1100 1630; x_wconf 83' lang='lat' dir='ltr'>Palam</span> <span class='ocrx_word' id='word_1_205' title='bbox 1128 1599 1229 1630; x_wconf 89' lang='lat' dir='ltr'>crucis</span> <span class='ocrx_word' id='word_1_206' title='bbox 1255 1599 1373 1638; x_wconf 86' lang='lat' dir='ltr'>stipite.</span> 
     </span>
    </p>
   </div>
   <div class='ocr_carea' id='block_1_23' title="bbox 1014 1748 1361 1787">
    <p class='ocr_par' dir='ltr' id='par_1_34' title="bbox 1014 1748 1361 1787">
     <span class='ocr_line' id='line_1_65' title="bbox 1014 1748 1361 1787; baseline 0.003 -7"><span class='ocrx_word' id='word_1_207' title='bbox 1014 1748 1060 1780; x_wconf 88' lang='lat' dir='ltr'>In</span> <span class='ocrx_word' id='word_1_208' title='bbox 1087 1751 1119 1781; x_wconf 82' lang='lat'>2.</span> <span class='ocrx_word' id='word_1_209' title='bbox 1145 1748 1361 1787; x_wconf 82' lang='lat' dir='ltr'>VesperiS.</span> 
     </span>
    </p>
   </div>
   <div class='ocr_carea' id='block_1_24' title="bbox 1074 1831 1316 1869">
    <p class='ocr_par' dir='ltr' id='par_1_35' title="bbox 1074 1831 1316 1869">
     <span class='ocr_line' id='line_1_66' title="bbox 1074 1831 1316 1869; baseline -0.004 -10"><span class='ocrx_word' id='word_1_210' title='bbox 1074 1831 1117 1860; x_wconf 90' lang='lat' dir='ltr'>Ad</span> <span class='ocrx_word' id='word_1_211' title='bbox 1136 1831 1316 1869; x_wconf 80' lang='lat' dir='ltr'>Magnificat.</span> 
     </span>
    </p>
   </div>
   <div class='ocr_carea' id='block_1_25' title="bbox 909 1899 1307 1934">
    <p class='ocr_par' dir='ltr' id='par_1_36' title="bbox 909 1899 1307 1934">
     <span class='ocr_line' id='line_1_67' title="bbox 909 1899 1307 1934; baseline -0.008 0"><span class='ocrx_word' id='word_1_212' title='bbox 909 1927 916 1934; x_wconf 94' lang='lat'><strong><em>.</em></strong></span> <span class='ocrx_word' id='word_1_213' title='bbox 947 1899 1041 1931; x_wconf 86' lang='lat' dir='ltr'>Dulci</span> <span class='ocrx_word' id='word_1_214' title='bbox 1065 1903 1139 1932; x_wconf 81' lang='lat' dir='ltr'>nato</span> <span class='ocrx_word' id='word_1_215' title='bbox 1166 1900 1307 1932; x_wconf 84' lang='lat' dir='ltr'>desolato</span> 
     </span>
    </p>
   </div>
   <div class='ocr_carea' id='block_1_26' title="bbox 947 1945 1452 2272">
    <p class='ocr_par' dir='ltr' id='par_1_37' title="bbox 947 1945 1452 2272">
     <span class='ocr_line' id='line_1_68' title="bbox 993 1945 1392 1988; baseline 0 -10"><span class='ocrx_word' id='word_1_216' title='bbox 993 1946 1076 1978; x_wconf 91' lang='lat' dir='ltr'>Dum</span> <span class='ocrx_word' id='word_1_217' title='bbox 1101 1948 1244 1979; x_wconf 86' lang='lat' dir='ltr'>adstaret</span> <span class='ocrx_word' id='word_1_218' title='bbox 1268 1945 1392 1988; x_wconf 88' lang='lat' dir='ltr'>flebilis,</span> 
     </span>
     <span class='ocr_line' id='line_1_69' title="bbox 947 1994 1452 2035; baseline 0.004 -10"><span class='ocrx_word' id='word_1_219' title='bbox 947 1994 1072 2026; x_wconf 87' lang='lat' dir='ltr'>Decens</span> <span class='ocrx_word' id='word_1_220' title='bbox 1101 1997 1207 2035; x_wconf 85' lang='lat' dir='ltr'>gestus</span> <span class='ocrx_word' id='word_1_221' title='bbox 1236 1998 1268 2026; x_wconf 91' lang='lat' dir='ltr'>et</span> <span class='ocrx_word' id='word_1_222' title='bbox 1291 1995 1452 2027; x_wconf 89' lang='lat' dir='ltr'>modestus</span> 
     </span>
     <span class='ocr_line' id='line_1_70' title="bbox 992 2041 1384 2082; baseline -0.003 -8"><span class='ocrx_word' id='word_1_223' title='bbox 992 2041 1092 2074; x_wconf 84' lang='lat' dir='ltr'>&#39;Matri</span> <span class='ocrx_word' id='word_1_224' title='bbox 1120 2045 1227 2074; x_wconf 81' lang='lat' dir='ltr'>manet</span> <span class='ocrx_word' id='word_1_225' title='bbox 1250 2042 1384 2082; x_wconf 90' lang='lat' dir='ltr'>stabilis,</span> 
     </span>
     <span class='ocr_line' id='line_1_71' title="bbox 948 2089 1428 2129; baseline 0 -8"><span class='ocrx_word' id='word_1_226' title='bbox 948 2089 1062 2121; x_wconf 85' lang='lat' dir='ltr'>Servat</span> <span class='ocrx_word' id='word_1_227' title='bbox 1085 2089 1190 2129; x_wconf 87' lang='lat' dir='ltr'>fidem,</span> <span class='ocrx_word' id='word_1_228' title='bbox 1219 2090 1319 2121; x_wconf 85' lang='lat' dir='ltr'>donec</span> <span class='ocrx_word' id='word_1_229' title='bbox 1342 2090 1428 2121; x_wconf 87' lang='lat' dir='ltr'>idem</span> 
     </span>
     <span class='ocr_line' id='line_1_72' title="bbox 994 2136 1405 2178; baseline -0.005 -9"><span class='ocrx_word' id='word_1_230' title='bbox 994 2136 1086 2169; x_wconf 89' lang='lat' dir='ltr'>Plebi</span> <span class='ocrx_word' id='word_1_231' title='bbox 1116 2146 1247 2178; x_wconf 85' lang='lat' dir='ltr'>surgens</span> <span class='ocrx_word' id='word_1_232' title='bbox 1272 2137 1405 2175; x_wconf 87' lang='lat' dir='ltr'>indicat,</span> 
     </span>
     <span class='ocr_line' id='line_1_73' title="bbox 947 2184 1429 2225; baseline 0 -10"><span class='ocrx_word' id='word_1_233' title='bbox 947 2184 1036 2215; x_wconf 85' lang='lat' dir='ltr'>Tunc</span> <span class='ocrx_word' id='word_1_234' title='bbox 1061 2187 1187 2217; x_wconf 84' lang='lat' dir='ltr'>renatos</span> <span class='ocrx_word' id='word_1_235' title='bbox 1211 2185 1297 2224; x_wconf 88' lang='lat' dir='ltr'>patri</span> <span class='ocrx_word' id='word_1_236' title='bbox 1322 2187 1429 2225; x_wconf 86' lang='lat' dir='ltr'>gratos</span> 
     </span>
     <span class='ocr_line' id='line_1_74' title="bbox 995 2230 1364 2272; baseline -0.003 -9"><span class='ocrx_word' id='word_1_237' title='bbox 995 2231 1147 2264; x_wconf 82' lang='lat' dir='ltr'>Dominus</span> <span class='ocrx_word' id='word_1_238' title='bbox 1173 2230 1364 2272; x_wconf 82' lang='lat' dir='ltr'>magnificat.</span> 
     </span>
    </p>
   </div>
   <div class='ocr_carea' id='block_1_27' title="bbox 266 2314 1500 2352">
    <p class='ocr_par' dir='ltr' id='par_1_38' title="bbox 266 2314 1500 2352">
     <span class='ocr_line' id='line_1_75' title="bbox 266 2314 1500 2352; baseline -0.002 -7"><span class='ocrx_word' id='word_1_239' title='bbox 266 2318 350 2345; x_wconf 84' lang='lat' dir='ltr'>Brev.</span> <span class='ocrx_word' id='word_1_240' title='bbox 376 2317 573 2345; x_wconf 78' lang='lat' dir='ltr'>Aarhusiense</span> <span class='ocrx_word' id='word_1_241' title='bbox 597 2318 666 2352; x_wconf 89' lang='lat' dir='ltr'>imp.</span> <span class='ocrx_word' id='word_1_242' title='bbox 693 2315 857 2343; x_wconf 84' lang='lat' dir='ltr'>Aarhusiae</span> <span class='ocrx_word' id='word_1_243' title='bbox 885 2314 965 2343; x_wconf 81' lang='lat'>1519.</span> <span class='ocrx_word' id='word_1_244' title='bbox 1008 2316 1064 2342; x_wconf 90' lang='lat' dir='ltr'>Die</span> <span class='ocrx_word' id='word_1_245' title='bbox 1093 2325 1158 2342; x_wconf 88' lang='lat' dir='ltr'>zum</span> <span class='ocrx_word' id='word_1_246' title='bbox 1179 2314 1314 2343; x_wconf 84' lang='lat' dir='ltr'>Officium</span> <span class='ocrx_word' id='word_1_247' title='bbox 1339 2314 1500 2351; x_wconf 58' lang='lat' dir='ltr'>gehorigen</span> 
     </span>
    </p>
   </div>
   <div class='ocr_carea' id='block_1_28' title="bbox 249 2403 759 2434">
    <p class='ocr_par' dir='ltr' id='par_1_39' title="bbox 249 2403 759 2434">
     <span class='ocr_line' id='line_1_76' title="bbox 249 2403 759 2434; baseline -0.006 -5"><span class='ocrx_word' id='word_1_248' title='bbox 249 2407 269 2429; x_wconf 93' lang='lat' dir='ltr'>D</span> <span class='ocrx_word' id='word_1_249' title='bbox 278 2412 328 2429; x_wconf 83' lang='lat' dir='ltr'>rev</span> <span class='ocrx_word' id='word_1_250' title='bbox 334 2412 372 2431; x_wconf 83' lang='lat' dir='ltr'>cs,</span> <span class='ocrx_word' id='word_1_251' title='bbox 396 2405 519 2429; x_wconf 74' lang='lat' dir='ltr'>Historiae</span> <span class='ocrx_word' id='word_1_252' title='bbox 532 2405 686 2434; x_wconf 76' lang='lat' dir='ltr'>rhythmicae.</span> <span class='ocrx_word' id='word_1_253' title='bbox 717 2403 759 2427; x_wconf 82' lang='lat' dir='ltr'>lv.</span> 
     </span>
    </p>
   </div>
   <div class='ocr_carea' id='block_1_29' title="bbox 190 2351 976 2391">
    <p class='ocr_par' dir='ltr' id='par_1_40' title="bbox 190 2351 976 2391">
     <span class='ocr_line' id='line_1_77' title="bbox 190 2351 976 2391; baseline -0.006 -6"><span class='ocrx_word' id='word_1_254' title='bbox 190 2357 329 2391; x_wconf 86' lang='lat' dir='ltr'>Hymnen</span> <span class='ocrx_word' id='word_1_255' title='bbox 349 2355 399 2382; x_wconf 70' lang='lat' dir='ltr'>cfr.</span> <span class='ocrx_word' id='word_1_256' title='bbox 419 2356 588 2391; x_wconf 87' lang='lat' dir='ltr'>Klemming</span> <span class='ocrx_word' id='word_1_257' title='bbox 608 2354 647 2388; x_wconf 83' lang='grc' dir='ltr'>Π,</span> <span class='ocrx_word' id='word_1_258' title='bbox 670 2351 732 2388; x_wconf 80' lang='grc'>184,</span> <span class='ocrx_word' id='word_1_259' title='bbox 757 2351 809 2382; x_wconf 78' lang='grc'>186</span> <span class='ocrx_word' id='word_1_260' title='bbox 832 2354 892 2381; x_wconf 83' lang='lat' dir='ltr'>und</span> <span class='ocrx_word' id='word_1_261' title='bbox 914 2352 976 2382; x_wconf 86' lang='lat'>190.</span> 
     </span>
    </p>
   </div>
   <div class='ocr_carea' id='block_1_30' title="bbox 1314 2397 1331 2427">
    <p class='ocr_par' dir='ltr' id='par_1_41' title="bbox 1314 2397 1331 2427">
     <span class='ocr_line' id='line_1_78' title="bbox 1314 2397 1331 2427; baseline 0 0"><span class='ocrx_word' id='word_1_262' title='bbox 1314 2397 1331 2427; x_wconf 84' lang='lat'>9</span> 
     </span>
    </p>
   </div>
  </div>
 </body>
</html>
