1652 2615
752 162 800 170 «4-
850 141 915 179 119
966 164 1008 170 *-

235 236 273 270 V.
304 236 404 269 Stella
428 239 525 270 maris

349 293 479 316 occasus
505 286 613 317 nescia

300 331 398 363 Placa
422 332 511 363 nobis

347 379 456 410 mundi
486 379 669 412 certamina.

269 460 275 466 .
303 433 431 474 Regalis
456 436 565 475 stirpis
592 435 744 475 virginem

303 480 351 512 Ob
375 482 425 512 sui
449 482 719 523 pulchritudinem

349 528 418 559 Rex
443 537 580 560 summus
606 529 774 570 adamavit,

305 573 542 606 Glandestinum
572 576 760 607 connubium

302 619 411 652 Infans
437 630 495 660 per
517 622 626 653 matris
650 625 774 653 uterum

349 667 522 700 Exsultans
548 668 712 703 revelavit,

262 741 269 747 .
300 713 429 753 Joseph,
456 715 521 746 noli
545 717 694 757 metuere,

301 760 391 798 Quod
416 764 523 793 natum
549 764 597 792 est
621 771 640 793 a
665 763 806 803 conjuge,

350 807 400 839 De
424 809 539 847 spiritu
563 809 713 842 manavit.

403 901 448 933 In
472 901 701 934 Laudibus.

447 971 641 1006 Antiphonae.

271 1048 278 1056 .
304 1022 437 1055 Scandit
459 1025 581 1054 montes

353 1078 468 1101 aurora
492 1069 612 1109 gratiae

303 1116 390 1148 Luce
415 1115 537 1156 fulgens

353 1163 497 1195 caelestis
520 1162 650 1202 gloriae,

303 1209 402 1241 Justis
427 1208 531 1240 ferens

349 1257 447 1288 solem
469 1255 612 1295 justitiae

302 1303 396 1335 Diem
421 1304 577 1334 monstrat

350 1358 450 1382 novae
474 1349 624 1381 laetitiae.

268 1433 275 1439 .
300 1406 337 1437 In
364 1414 517 1437 concursu

349 1455 484 1483 matrum
509 1460 578 1484 cum
604 1451 717 1491 gaudio

305 1500 424 1532 Praeco
449 1507 566 1539 parvus

352 1555 462 1578 carens
487 1545 622 1586 eloquio,

306 1593 422 1625 Servus
447 1601 550 1633 regem

350 1649 484 1672 noscens
511 1640 545 1671 in
570 1642 670 1677 utero,

304 1689 388 1720 Puer
412 1686 517 1719 infans

353 1734 486 1766 colludit
513 1741 622 1773 puero.

270 1819 277 1825 .
304 1791 407 1823 Senex
436 1790 532 1829 plena

354 1837 482 1869 caelest-i
506 1844 636 1867 munere

301 1885 418 1917 Rorem
441 1882 545 1915 fusum

353 1940 483 1964 cernens
507 1932 540 1963 in
566 1930 691 1972 vellere,

925 242 955 272 4.
983 239 1155 272 Salvatoris

1030 288 1197 324 conceptus
1224 285 1384 325 panditur,

982 334 1078 373 Virgo
1104 341 1183 371 pura

1027 383 1128 411 mater
1153 377 1298 418 efficitur,

981 426 1155 458 Benedicta

1027 473 1200 513 praedigne
1226 472 1351 511 dicitur,

981 521 1018 552 In
1044 528 1105 560 qua
1128 519 1211 551 vitae

1029 565 1151 598 fructus
1177 565 1326 597 exoritur.

925 641 956 673 5.
980 640 1086 673 Mater
1110 642 1171 679 pia,

1029 689 1125 732 plena
1151 685 1329 724 virtutibus,

982 735 1087 767 Deum
1110 733 1222 765 laudat

1030 780 1155 813 fervore
1179 779 1309 819 spiritus

982 827 1051 867 Ipsi
1075 827 1214 867 psallens

1031 882 1099 906 cum
1123 873 1215 904 laetis
1241 871 1377 908 vocibus,

984 921 1071 959 Quod
1097 920 1236 959 respexit

1028 967 1174 999 ancillam
1198 966 1362 998 Dominus.

1100 1068 1145 1095 Ad
1164 1067 1346 1095 Benedictus.

944 1159 951 1167 .
982 1134 1177 1172 Redemptor
1201 1141 1257 1163 rex
1281 1131 1380 1164 Israel

1030 1180 1116 1213 venit
1139 1180 1172 1210 in
1198 1179 1328 1220 virgine,

982 1228 1135 1267 Repletur
1158 1225 1324 1257 Elisabeth

1028 1282 1119 1305 sacro
1143 1273 1324 1312 spiramine,

986 1322 1160 1361 Prophetat
1183 1319 1332 1358 puerulus

1030 1369 1062 1399 in
1087 1376 1192 1399 rerum
1215 1366 1336 1405 ordine,

983 1414 1134 1446 Miranda
1156 1412 1193 1445 fit
1216 1413 1350 1454 novitas,

1029 1462 1098 1493 laus
1122 1460 1191 1500 tibi,
1217 1459 1361 1493 Domine.

1062 1622 1104 1653 [n
1130 1622 1160 1653 2.
1184 1620 1398 1658 vesperis.

1101 1712 1145 1739 Ad
1164 1710 1343 1747 Magnificat.

945 1807 952 1813 .
982 1781 1129 1813 Exsultat
1153 1778 1241 1817 virgo
1269 1777 1422 1817 virginum

1030 1829 1063 1859 in
1087 1826 1157 1860 Deo
1181 1824 1323 1863 salutari,

985 1874 1174 1908 Gonfortans
1199 1880 1305 1903 semen
1331 1869 1480 1902 Abrahae

1031 1921 1134 1963 gratia
1158 1919 1321 1960 singulari,

984 1970 1073 2009 Quod
1096 1967 1240 2008 patribus
1264 1966 1452 2006 promissum
1475 1968 1533 2005 est,

1029 2018 1062 2049 in
1086 2015 1151 2049 fide
1176 2013 1322 2054 regulari,

983 2065 1123 2098 Verbum
1158 2063 1197 2094 de
1223 2062 1309 2094 caelo
1333 2060 1462 2092 missum
1487 2061 1536 2091 est

1030 2113 1063 2144 in
1087 2110 1178 2144 radio
1203 2109 1309 2141 solari.

302 1980 478 2011 Flammam
503 1977 585 2019 ignis

350 2027 463 2059 rubum
486 2035 548 2058 non
573 2033 676 2064 urere,

302 2076 323 2109 J
326 2084 395 2107 esse
419 2075 540 2114 virgam

353 2123 468 2155 clamat
491 2120 669 2153 florescere.

307 2218 391 2245 Brev.
416 2216 605 2244 Eboracense
628 2214 697 2248 imp.
723 2210 847 2239 Parisiis
876 2206 957 2236 1526.
985 2207 1020 2234 A.
1052 2220 1089 2224 —
1121 2205 1204 2232 Brev.
1231 2202 1438 2230 Aberdonense
1465 2201 1533 2234 imp.

231 2255 421 2290 Edinburg-ae
446 2252 528 2281 1510.
548 2252 582 2280 Β.
610 2265 644 2269 -
670 2250 713 2277 In
734 2247 759 2275 1.
780 2248 888 2282 Vesp.
911 2244 931 2272 R
952 2245 1091 2272 Exsultct
1109 2242 1204 2269 infans
1224 2240 1340 2277 gaudiis
1361 2240 1413 2264 etc.
1434 2251 1470 2255 —
1491 2237 1536 2264 Ad

231 2295 329 2329 Magn.
351 2291 386 2326 Α,
413 2290 428 2319 1
448 2292 484 2319 In
503 2290 642 2326 psalterio
663 2288 695 2315 B.
716 2301 752 2305 —-
770 2284 846 2313 Ibid.
866 2282 892 2311 8,
912 2284 960 2311 Ex
980 2283 1060 2310 fehlt.
1082 2282 1113 2309 B.
1134 2294 1170 2299 —
1189 2279 1232 2306 In
1251 2276 1277 2304 2.
1296 2277 1398 2304 Noct.
1420 2273 1442 2300 Α
1466 2273 1493 2307 1,
1518 2272 1535 2302 3

231 2333 289 2360 huc
308 2331 420 2357 inclina
439 2330 471 2357 Β.
491 2344 528 2348 -
548 2327 700 2362 Hymnen:
725 2325 760 2351 In
782 2322 807 2350 1.
826 2322 927 2357 Vesp.:
950 2321 1068 2349 Festum
1088 2318 1190 2346 matris
1209 2316 1356 2352 glcriosae
1375 2311 1492 2347 (Daniel
1511 2313 1534 2346 I,

233 2368 313 2403 310)·,
336 2368 372 2395 ad
390 2368 487 2395 Noetu.
506 2365 612 2394 Mundi
630 2363 710 2391 salus
730 2362 866 2389 adfutura
883 2359 1001 2394 (Daniel
1020 2359 1044 2391 Ι,
1064 2354 1144 2391 311);
1165 2354 1201 2381 ad
1222 2353 1331 2381 Laud:
1353 2351 1377 2379 O
1398 2350 1535 2377 salutaris

234 2409 349 2445 fulgens
370 2405 457 2432 stella
475 2406 565 2432 maris
586 2401 683 2432 (Anal.
704 2400 756 2435 XI,
777 2396 835 2435 48).
855 2412 892 2416 —
911 2397 978 2433 Vgl.
1002 2396 1054 2423 das
1075 2392 1208 2423 Officium
1228 2392 1344 2419 Devota
1361 2389 1503 2416 visitatio.
