1652 2615
720 133 979 168 -275—

269 224 369 256 Auxit
398 227 430 255 et
454 226 588 265 ornavit,

316 271 396 303 caeli
420 280 517 312 super
541 275 628 306 astra
653 274 779 308 locavit.

331 384 392 416 Ad
417 384 685 420 Matutinum.

398 449 614 478 Invitatorium.

270 506 429 538 Aethereo
454 507 521 547 regi

318 554 429 593 populi
452 554 587 593 jubilate
611 555 781 595 redempti,

273 600 429 640 Martyris
460 601 594 633 eximiae

317 648 454 679 subeunt
477 647 532 687 pia
556 647 638 682 festa
662 647 810 683 Sabinae.

329 760 373 791 In
400 759 430 792 1.
457 760 687 792 Nocturno.

417 833 526 869 Anfiph
530 842 612 862 onae.

220 892 250 925 1.
276 891 312 923 In
337 890 431 923 labiis
459 891 572 923 diffusa
595 892 683 932 cujus

326 941 374 970 est
398 939 501 978 gratia
527 938 654 980 Christi,

274 985 450 1025 Propterea
474 985 639 1017 benedixit
662 988 695 1017 te

320 1041 445 1072 semper
469 1033 555 1064 Deus
579 1033 675 1067 idem.

214 1092 247 1123 2.
275 1087 492 1121 Sanctificavit
517 1097 586 1120 eam

319 1136 485 1176 Dominus,
503 1135 555 1176 qui
570 1135 714 1168 condidit
726 1136 823 1175 illam,

272 1182 440 1215 Laetificat
462 1191 556 1214 verus

321 1238 414 1269 quam
436 1227 574 1261 fluminis
591 1230 727 1269 impetus
745 1230 822 1269 ejus.

211 1287 241 1319 3.
269 1286 339 1318 Rex
362 1285 457 1325 elegit
482 1288 523 1324 te,

315 1332 428 1364 summi
456 1332 559 1371 patris
584 1333 678 1364 unica
702 1333 820 1371 proles,

271 1380 322 1412 Ex
347 1379 447 1413 Jacob
473 1379 590 1419 specie,

318 1428 405 1466 cujus
430 1426 516 1458 Deus
542 1426 666 1458 exstitit
689 1426 812 1458 haeres,

407 1510 613 1546 Responsoria.

212 1570 241 1602 1.
270 1568 353 1600 Ante
377 1567 440 1600 Dei
464 1566 579 1599 faeiem

311 1624 398 1647 mors
423 1617 473 1647 est.
495 1615 638 1655 pretiosa
661 1613 809 1656 Sabinae,

269 1663 353 1702 Quae
375 1663 514 1694 moriens
538 1662 656 1694 mundo

316 1711 395 1741 vivit
420 1718 517 1749 super
534 1709 662 1740 aethere
680 1709 823 1749 Christ03

202 1758 239 1792 V.
268 1756 426 1798 Martyris
452 1760 501 1788 est
523 1755 621 1788 hodie

318 1803 445 1844 festum,
470 1804 614 1845 gaudete,
641 1802 763 1836 fideles

211 1864 242 1895 2.
268 1861 379 1893 Mente
403 1861 480 1892 satis
505 1859 615 1892 stabili

316 1909 438 1940 tulerat
460 1910 620 1940 tormenta
643 1907 783 1949 tyranni,

268 1955 313 1988 Ut
338 1955 477 1996 patriam
502 1955 587 1988 vitae

316 2003 462 2036 caelestis
487 2002 590 2043 possit
613 2001 714 2041 adire,

199 2052 234 2083 V.
265 2051 374 2083 Rebus
400 2051 506 2090 opima
531 2050 624 2081 nimis

317 2108 387 2130 eum
413 2099 530 2131 mundo
553 2100 666 2129 cuncta
682 2096 823 2137 reliquit.

209 2158 241 2190 3.
268 2155 427 2188 Laetitiae
450 2163 602 2187 summam

314 2212 374 2243 per
386 2202 547 2243 sanguinis
562 2201 682 2242 excipis
695 2201 824 2240 undam,

266 2250 465 2292 Martyribus
491 2258 617 2289 semper

315 2296 377 2329 fuit
400 2298 481 2329 haec
506 2297 643 2330 obnoxia
668 2304 806 2335 merce53

197 2345 233 2377 V.
264 2343 386 2386 Gaude,
414 2345 509 2386 digna
533 2344 611 2383 Deo,

316 2395 404 2426 tanto
431 2393 590 2426 cumulata
611 2390 776 2430 trophaeo.

1012 231 1058 262 In
1083 231 1114 262 2.
1139 229 1369 263 Nocturno.

1092 312 1287 348 Antiphonae.

894 372 924 405 1.
950 371 1044 404 Mons
1069 371 1145 403 Sion
1170 372 1316 411 exsultat,

1000 420 1172 458 congaude,
1197 417 1265 451 filia
1286 417 1397 458 Judae,

953 465 1079 498 Judicio
1105 465 1224 498 Christi

998 512 1081 553 quod
1094 513 1233 553 aethera,
1251 515 1380 555 martyr,
1395 513 1500 546 adisti.

882 571 915 602 2.
940 569 978 601 In
1003 572 1037 600 te
1059 569 1196 601 laetatur

1000 616 1159 656 tuaplebs‚
1171 624 1227 647 rex
1236 616 1372 648 maxime
1380 625 1500 658 regum,

954 663 1008 695 Ad
1032 664 1064 693 te
1090 663 1259 703 conversis,

1001 709 1052 749 qui
1077 710 1166 748 pacis
1190 718 1321 741 munera
1345 710 1464 743 reddis

896 767 926 800 3.
954 766 1050 797 Porta
1074 764 1158 807 Sion,
1186 765 1304 798 dilecta
1327 766 1394 798 Deo

999 820 1094 852 super
1119 812 1201 844 atria
1224 812 1334 853 Jacob,

952 860 1038 892 Voce
1064 859 1214 891 creatoris

997 905 1057 938 tibi
1079 906 1148 937 laus
1175 905 1335 938 confertur
1359 907 1483 939 amoris.

1089 990 1294 1024 Responsoria.

898 1056 928 1090 1.
956 1057 1055 1095 Quam
1080 1057 1143 1096 pia,
1170 1064 1262 1094 quam
1287 1056 1375 1097 felix,

1000 1112 1092 1142 quam
1105 1105 1223 1141 sancta,
1238 1103 1356 1135 Sabina
1363 1105 1483 1136 videris
1493 1106 1500 1136 l

951 1150 1012 1181 Est
1035 1150 1093 1181 tibi
1119 1157 1309 1190 concessum,

998 1197 1153 1228 scelerum
1174 1196 1348 1229 dissolvere
1364 1206 1500 1238 nexum,

882 1245 920 1277 V.
952 1243 1112 1285 Omnibus,
1141 1251 1223 1283 ecce,
1249 1244 1351 1276 modis

999 1293 1032 1322 te
1056 1291 1224 1330 poscimus,
1251 1300 1353 1322 annue
1378 1292 1478 1325 nobiS.

895 1350 926 1381 2.
954 1347 1091 1378 Pulchra
1115 1347 1174 1377 tibi
1199 1347 1333 1387 species,

1001 1397 1038 1426 ut
1065 1394 1149 1433 regis
1176 1402 1319 1433 purpura
1342 1395 1455 1435 crines,

954 1441 1088 1473 Lumina
1112 1439 1313 1480 praefulgent

1000 1491 1038 1519 ut
1059 1486 1157 1519 fontis
1178 1487 1336 1520 Esebonis
1360 1490 1455 1531 unda,

884 1536 921 1568 V.
949 1535 1077 1567 Emicat
1101 1543 1140 1566 ex
1161 1534 1245 1566 ulnis

1002 1582 1116 1614 collum
1141 1582 1229 1614 velut
1252 1582 1338 1615 invia
1361 1584 1469 1617 turris.

896 1642 928 1673 3.
952 1639 1065 1671 Dulcis
1090 1639 1193 1670 amica
1215 1638 1286 1681 Dei,

1000 1686 1065 1717 luci
1091 1686 1207 1717 collata
1232 1686 1305 1726 diei,

954 1733 1038 1765 Dote
1062 1733 1109 1772 pii
1134 1732 1217 1773 regis

999 1780 1169 1812 thalamum
1190 1780 1367 1812 conscende
1382 1782 1506 1821 quietis,

881 1830 919 1862 V.
952 1828 1055 1860 Nocte
1083 1827 1146 1858 sibi
1169 1828 1276 1859 media

998 1884 1067 1907 cum
1089 1875 1213 1907 venerit
1237 1875 1331 1908 obvia
1355 1877 1459 1910 turba.

1016 2000 1062 2032 In
1088 2001 1119 2032 3.
1146 1999 1374 2032 Nocturno.

1097 2083 1294 2120 Antiphonae.

897 2144 929 2177 1.
955 2144 1125 2175 Permanet
1150 2144 1224 2175 ante
1248 2143 1351 2174 Deum

1002 2188 1157 2222 confessio
1182 2191 1332 2229 martyris
1359 2191 1425 2229 eJus

954 2238 1062 2278 Atque
1087 2237 1183 2269 decor
1208 2237 1322 2277 clarus,

1001 2284 1090 2316 nulla
1114 2285 1168 2324 qui
1191 2284 1266 2315 labe
1288 2286 1427 2316 notatur.

896 2345 928 2375 2.
956 2342 1025 2374 Lux
1050 2341 1146 2373 hodie
1165 2341 1260 2381 justis

1003 2391 1036 2421 et
1059 2388 1155 2420 rectis
1182 2389 1278 2420 corde
1301 2388 1435 2431 refulsit,

1275 2442 1340 2473 ·18*
