1652 2615
754 133 1008 169 -183—

296 226 464 258 Ecclesiae
488 228 618 267 rectrix,
921 231 952 264 3.
976 229 1102 262 Munda
1123 235 1239 266 parens
1261 226 1365 267 Anna,

347 272 482 305 docuisti
504 274 596 314 mira,
621 275 737 317 Maria,
1026 274 1110 307 Ruth
1127 273 1247 311 sedula,
1267 275 1355 305 casta
1371 273 1524 314 Susanna,

228 319 267 351 V.
298 319 393 351 Vitae
419 320 601 362 correctrix,
978 323 1111 355 Nostras
1136 319 1188 352 fac
1210 323 1330 351 mentes

344 368 417 406 tege
438 366 572 399 crimina
589 369 708 408 nostra,
734 368 850 402 Maria.
1023 369 1154 402 Flentes
1180 367 1321 407 vigilare,
1345 366 1461 400 Maria.

240 431 270 461 2.
298 431 393 471 Vitis,
417 431 483 471 luit,
509 433 615 472 tellus,
920 428 953 459 4.
979 426 1028 458 Tu
1052 424 1165 457 Noemi
1187 433 1285 463 mara,

343 479 455 518 virtuS,
485 479 653 511 dulcedine
674 489 794 521 manas,
1026 479 1110 503 nunc
1125 471 1223 513 rides,
1249 470 1420 509 splendida
1435 469 1525 509 Sam,

298 525 400 566 Mitss,
429 526 502 563 dux,
530 527 641 566 VflssUS,
980 519 1057 559 NOS,
1083 517 1250 550 benedicta
1272 517 1342 557 Isia,

347 572 434 604 virus
460 573 640 604 mulcedine
664 583 768 614 sanas,
1028 565 1116 598 Velut
1139 564 1230 595 asida
1255 564 1334 603 riga,
1359 563 1476 595 Maria·

297 618 349 650 Ex
374 619 480 658 magni
506 620 611 659 stagni
923 623 953 655 5.
980 622 1094 654 Omnes
1119 622 1152 651 te
1175 620 1316 661 laudent,

348 664 457 697 foveas
483 674 540 697 nos
565 674 648 705 rore,
673 666 790 706 Maria,
1028 669 1122 707 quite
1132 667 1290 698 dominam
1299 665 1368 698 fore
1378 666 1525 706 gaudent,

225 713 262 745 V.
292 712 409 756 Aurea,
436 712 556 752 laurea,
582 713 705 755 stellea,
724 714 848 754 mellea,
979 715 1025 747 Te
1048 716 1117 746 laus
1141 712 1293 756 perfudit⁷

347 760 433 791 dict-a
457 759 573 791 Maria.
1025 760 1139 793 Judith
1165 760 1281 801 divina,
1307 759 1422 793 Maria.

236 825 268 858 3.
295 824 397 857 Stella
419 824 489 864 soii,
515 827 584 856 tere
606 824 692 856 bella
718 825 792 863 doli,
1093 833 1139 862 Ad
1158 833 1340 861 Benedictus,

343 872 403 903 soli
429 871 480 903 via
504 872 573 912 soli,

296 918 384 950 Arca
407 918 475 958 poli
496 919 688 960 veneranda,
713 918 780 959 poli

346 974 403 996 nos
428 965 573 1003 proxima
597 965 690 1006 proli,

301 1012 420 1045 Christi
444 1011 532 1050 virgo
555 1020 680 1053 parens,

345 1058 472 1089 scandis
498 1066 594 1097 super
610 1061 706 1098 astra,
731 1058 847 1100 Maria,

226 1104 264 1137 V.
297 1105 424 1144 Optima
445 1104 512 1143 jam
536 1113 652 1143 parens

343 1154 416 1191 post
441 1154 473 1181 te
497 1160 553 1182 nos
578 1152 666 1192 tolle,
691 1151 807 1184 Maria.

905 893 946 925 A.
976 891 1127 924 Gemmea
1149 898 1311 921 sacrarum

1021 939 1171 978 princeps
1206 939 1238 967 et
1261 937 1316 967 lux
1339 937 1524 976 animarum,

976 985 1109 1024 Dignior
1132 984 1164 1014 in
1189 983 1311 1014 thronis

1024 1032 1115 1062 aulae
1139 1030 1208 1061 veri
1233 1029 1419 1069 Salomonis,

976 1078 1127 1117 Imprime
1153 1076 1294 1107 cortinae

1024 1125 1182 1155 caelorum
1208 1131 1264 1153 nos
1290 1123 1358 1154 sine
1381 1121 1454 1162 fine,

976 1171 1054 1203 Orta
1078 1169 1203 1209 galaxia

1023 1217 1076 1256 qui
1102 1215 1277 1256 psallimus,
1302 1216 1392 1255 virgo
1409 1216 1526 1248 Maria.

386 1291 431 1322 In
456 1290 687 1324 Laudibus

435 1364 631 1399 Antiphonae.

236 1423 269 1455 1.
295 1422 444 1462 Regnans
468 1421 617 1463 Hesther,
645 1430 713 1461 ave,
902 1442 931 1473 A

342 1478 422 1508 quae
445 1471 552 1508 gustas
578 1469 697 1507 paseha
722 1478 828 1509 suave,

293 1517 398 1548 Aman
424 1515 538 1554 vicisti,

341 1562 477 1595 sanxisti
500 1561 616 1600 fausta,
641 1562 757 1595 Maria.

1040 1310 1088 1342 In
1113 1310 1144 1340 2.
1171 1308 1390 1347 Vesperis.

1099 1383 1145 1409 Ad
1163 1381 1342 1417 Mag-nificat.

935 1466 942 1474 .
974 1442 998 1474 O
1025 1440 1203 1473 rubicunda
1226 1449 1309 1479 rosa,

1021 1488 1099 1528 legis
1124 1487 1313 1526 praelucida
1336 1487 1435 1531 glosa,

975 1536 1072 1567 Vultu
1097 1534 1332 1573 splendescens,

1021 1583 1055 1613 in
1079 1589 1176 1620 regno
1199 1581 1287 1611 laeta
1311 1581 1485 1620 quiescenS,

237 1630 269 1662 2.
295 1629 424 1669 Abigail
448 1628 600 1670 prudens,
975 1629 1079 1661 Janua
1104 1628 1249 1659 caelestis

339 1676 457 1715 jubilas
471 1684 568 1714 super
579 1675 710 1708 aethera
721 1676 845 1718 ludens,
1023 1675 1204 1707 transmitte
1215 1674 1374 1705 levamina
1386 1674 1526 1713 maestis,

295 1722 367 1755 Jam
391 1722 499 1754 David
522 1722 638 1753 iratum
975 1723 1074 1754 Trina
1097 1720 1277 1751 hierarchia

342 1770 502 1809 placatum
527 1768 637 1809 redde,
661 1768 775 1800 Maria.
1024 1769 1070 1800 Te
1093 1767 1214 1807 laudat,
1239 1776 1354 1807 magna
1377 1768 1493 1800 Maria.

302 1857 371 1885 Cod.
391 1834 656 1893 Raigraden.21
674 1863 698 1888 N
721 1855 747 1884 3.
769 1865 844 1885 saec.
867 1855 910 1885 15.
923 1872 959 1876 --
972 1858 1013 1885 In
1035 1856 1059 1884 1.
1080 1856 1181 1884 Noct.
1206 1853 1226 1882 R
1241 1853 1268 1888 3,
1284 1853 1301 1883 3
1321 1864 1474 1892 generans.
1492 1870 1528 1875 —

221 1920 263 1947 In
282 1917 308 1946 2.
329 1919 428 1947 Noct.
452 1916 472 1944 R
495 1916 529 1951 1,
551 1916 568 1945 5
588 1881 718 1946 'Il'zueatur
737 1927 774 1945 ex
793 1918 909 1946 munda.
929 1933 965 1937 —
984 1919 1027 1946 In
1046 1916 1072 1945 3.
1094 1917 1199 1945 Noct.
1222 1915 1242 1942 R
1264 1914 1296 1950 2,
1319 1915 1336 1944 6
1355 1917 1449 1944 fovea.
1489 1917 1530 1944 In

220 1957 336 1985 Laud.
358 1955 381 1983 Α
400 1956 427 1993 4,
448 1955 468 1983 4
486 1956 569 1984 velut
589 1965 648 1984 ara.

639 2056 678 2087 61.
710 2056 746 2088 In
765 2057 855 2088 Festo
876 2056 996 2088 Mariae
1016 2055 1111 2087 Nivis.

361 2138 407 2169 In
434 2137 465 2170 1.
493 2137 571 2170 Ves
580 2146 601 2176 p
614 2137 710 2169 eris.
975 2137 1083 2169 Mater
1107 2136 1228 2175 gratiae
1253 2144 1410 2175 supernae

976 2183 1106 2216 Grande
1131 2183 1187 2215 dat
1211 2183 1396 2214 miraculum

436 2221 632 2256 Antiphonae.
1023 2231 1178 2269 Novaque
1200 2230 1301 2269 signa.

238 2289 271 2322 1.
297 2289 394 2321 Lucis
420 2288 539 2320 candor
564 2288 787 2328 sempiternae,
919 2290 950 2322 2.
976 2288 1075 2328 Virgo
1099 2286 1185 2318 nivei
1209 2285 1352 2325 pudoris,

299 2335 473 2376 CastitatiS,
500 2336 673 2379 speculum,
976 2336 1091 2368 Nitens
1114 2333 1212 2371 intuS,
1239 2332 1376 2363 candens
1400 2330 1489 2375 foris,

341 2382 438 2423 Virgo
461 2382 607 2423 benigna,
1023 2382 1138 2413 Xivem
1164 2379 1220 2411 dat
1243 2379 1283 2411 ab
1309 2379 1447 2420 aethere,
