1652 2615
304 271 444 303 Daemon
467 273 587 311 planat,

349 319 431 357 quod
466 322 534 350 erat
557 318 695 357 nimium,

303 364 496 396 confessoris

350 420 443 450 agens
471 411 653 449 imperium3

264 481 271 488 .
302 457 411 488 Hostis
439 466 570 496 nequam

351 504 422 534 dum
447 512 523 534 saxa
546 503 675 542 baleat‚

302 549 490 581 Laborando

347 596 442 635 gemit
465 598 497 627 et
518 596 628 628 ululat.

356 680 402 711 In
430 681 461 713 3.
479 679 709 711 Nocturno.

436 743 629 779 Antiphonae.

266 815 273 822 .
302 791 408 822 Virum
433 791 493 822 Dei

345 836 429 869 fama
451 838 651 877 prosequitur

298 883 341 915 Et
364 893 422 923 per
446 884 531 924 vulgi

345 939 436 962 voces
461 931 627 969 attollitur,

300 976 393 1015 Cujus
418 985 457 1008 ne
481 977 593 1008 levitas

346 1024 446 1062 possit
468 1022 604 1063 officere,

298 1069 413 1101 Natale
438 1070 558 1110 cogitur

345 1117 444 1147 solum
473 1116 659 1155 relinquere.

266 1196 273 1203 .
300 1171 350 1202 Ne
374 1172 518 1203 laedatur

343 1218 476 1249 rumoris
501 1217 626 1256 famine,

298 1263 431 1295 Sanctus
459 1264 526 1295 abit

343 1311 465 1342 conscio
495 1311 619 1341 nemine

294 1356 339 1388 Et
361 1357 496 1388 latenter

342 1403 454 1434 relicta
476 1403 612 1435 Francia

298 1449 405 1480 Sancti
428 1450 508 1489 petit

341 1496 472 1527 Martini
495 1496 626 1528 moenia.

261 1576 269 1583 .
297 1552 346 1583 Ibi
370 1552 471 1583 noctis

342 1607 436 1637 agens
460 1598 584 1638 vigilias

296 1643 402 1675 Sancti
431 1645 525 1676 sumit

343 1692 432 1722 <latas
456 1691 615 1731 reliquias,

295 1738 361 1776 Quo
385 1737 545 1777 profectus

340 1785 475 1816 laetatus
501 1785 613 1816 comite

297 1830 439 1870 Complet
462 1832 524 1862 iter

341 1880 470 1917 accepto
495 1878 630 1911 tramite.

426 1943 633 1977 Responsoria.

260 2015 266 2021 .
292 1989 493 2028 Importunus

338 2034 461 2067 furator
484 2037 578 2067 oleris

292 2081 425 2113 Fascem
450 2081 527 2113 fecit

337 2138 399 2160 non
423 2130 515 2168 parvi
537 2130 697 2173 ponderis,

292 2175 355 2207 Sed
379 2184 438 2206 nec
461 2176 550 2207 illinc

340 2222 426 2253 exire
450 2223 553 2261 potuit

292 2269 359 2300 Nec
384 2270 522 2308 ponendi

338 2315 454 2348 fascem
480 2315 528 2348 fas
553 2317 680 2357 habuit3

221 2364 259 2395 V.
291 2363 429 2395 Solvitur
454 2364 549 2402 exire,

336 2411 451 2442 sinitur
476 2414 639 2451 correptus
664 2412 762 2445 abire.

845 177 912 211 206
960 196 1007 201 —

917 273 947 303 2.
974 271 1032 303 Vir
1054 271 1190 303 invictae

1020 317 1257 349 misericordiae

968 363 1127 395 Senator-is

1019 411 1163 441 medetur
1186 408 1281 448 filiae,

974 456 1132 495 Scriptum
1158 458 1267 486 tenens

1018 502 1099 533 illud
1123 501 1308 532 memoriae:

972 549 1045 591 Fili,
1072 557 1112 579 ne
1134 548 1177 579 sis

1017 604 1135 626 memor
1158 603 1302 633 injuriae.

901 643 942 675 V.
971 643 1009 674 In
1035 642 1190 674 adstantis

1018 691 1186 728 conspectu
1210 687 1320 727 populi

970 735 1056 768 Caeli
1079 736 1183 766 lumen

1015 785 1176 813 resumunt
1200 781 1292 813 oculi.

912 839 942 870 3.
970 837 1089 869 Saevae
1112 838 1222 869 matris

1018 885 1087 916 dira
1112 884 1282 916 crudelitas

969 930 1052 962 Nato
1077 934 1170 970 negat

1015 985 1066 1008 res
1092 977 1179 1009 cunis
1205 977 1339 1016 debitas,

972 1023 1035 1055 Sed
1058 1023 1173 1055 infanti

1015 1069 1206 1102 sufficientia

969 1117 1071 1149 Cerva
1096 1117 1184 1148 dedit

1015 1163 1107 1194 lactis
1132 1164 1255 1203 edulia3

899 1210 935 1242 V.
969 1210 1196 1241 Praetermissa

1014 1260 1146 1287 naturae
1170 1257 1279 1297 regula

968 1302 1073 1333 Mater
1096 1305 1200 1343 negat,

1016 1349 1072 1380 dat
1104 1358 1196 1381 cerva
1218 1350 1347 1389 pabula.

1062 1471 1106 1502 In
1130 1471 1356 1503 Laudibus.

1105 1545 1298 1580 Antiphonae.

911 1600 940 1632 1.
967 1600 1174 1632 Proficiscens

1013 1648 1062 1679 vir
1088 1648 1127 1680 de
1150 1648 1308 1680 Turonica

963 1693 1064 1725 Luras
1089 1695 1157 1726 adit

1012 1749 1068 1772 ora
1093 1741 1252 1782 Sisterica,

966 1786 1053 1818 Inter
1075 1797 1169 1827 rupes

1014 1834 1070 1865 sub
1096 1835 1154 1866 alis
1179 1836 1330 1867 montium

968 1879 1101 1913 Sanctus
1126 1885 1219 1921 parat

1014 1927 1073 1958 sibi
1098 1929 1264 1968 tugurium.

912 1983 943 2014 2.
968 1982 1024 2014 Fit
1047 1983 1086 2015 ab
1107 1984 1177 2023 ipso

1012 2039 1132 2069 pauper
1157 2032 1291 2064 ecclesia

966 2076 1073 2108 Rebus
1098 2078 1234 2117 quidem,

1011 2123 1068 2155 sed
1094 2124 1181 2156 dives
1205 2127 1317 2167 gratia,

966 2169 1003 2200 In
1028 2179 1090 2209 qua
1112 2180 1218 2204 sacras

1013 2217 1120 2248 condit
1142 2219 1300 2263 reliquiaS,

967 2263 1045 2295 Viae
1075 2273 1150 2296 suae

1014 2311 1109 2345 duces
1135 2314 1166 2343 et
1187 2315 1343 2352 praevias.

908 2367 939 2399 3.
966 2366 1049 2398 Dum
1074 2368 1158 2399 vitae
1182 2370 1301 2403 semina

1012 2418 1174 2456 spargeret
1200 2419 1326 2459 accolis,
