1652 2615
734 150 967 185 *22*

224 245 254 277 3.
281 246 355 278 Sum
379 244 411 277 in
437 247 527 279 horto
552 248 732 290 voluptatis,

279 293 396 323 Areola
421 294 578 332 aromatis,

280 337 419 378 Carpens
444 349 531 371 rosas
558 340 698 371 caritatis

279 384 322 416 Et
346 385 428 416 lilias
454 386 618 424 castitatis,

326 431 522 464 Humilitatis
547 433 656 463 violas.

414 524 616 558 Responsoria.

229 589 260 621 1.
287 589 343 619 Vir
367 588 494 620 indutus
519 590 610 620 lineis

283 637 467 667 Atramento
493 635 620 668 femoris

282 682 387 714 Pinxit
411 685 464 714 tau
490 684 590 714 crucis
614 683 647 714 in
672 681 776 714 fronte

282 728 445 760 Inebrians
471 730 589 761 cruoris
614 728 701 761 fonte

326 775 498 807 Moerentis
522 777 554 807 in
580 776 722 809 vinculis..

212 822 248 854 V.
278 822 417 861 Angelus
442 824 674 862 exterminator,

328 868 393 901 Ubi
417 870 498 901 vidit
522 871 590 902 Tau
614 870 763 909 signatos,

330 915 424 954 Signo
449 918 555 956 postes
581 920 787 955 consecratos,

376 961 551 1001 Impunitos
576 963 703 995 deserit.

225 1027 257 1059 2.
284 1027 308 1058 O
334 1030 488 1058 sacratum
517 1036 629 1067 corpus
655 1028 781 1067 Christi,

282 1073 340 1112 Qui
366 1076 412 1104 tot
436 1083 553 1114 poenas
577 1075 746 1114 pertulisti,

285 1120 498 1163 Vulneratum‚
523 1122 709 1161 lanceatum,

329 1166 416 1197 Diris
442 1168 554 1199 vinclis
580 1170 760 1205 coartatum,

287 1212 364 1244 Ciba
387 1221 444 1245 nos
468 1215 500 1244 in
526 1215 603 1245 hora
627 1215 745 1251 mortis,

283 1259 444 1291 Reseratis
469 1261 557 1300 regni
579 1261 678 1299 portis

330 1305 483 1338 Introduc
507 1307 548 1338 ad
573 1307 696 1349 gaudia,

212 1352 251 1384 V.
280 1351 346 1384 Ubi
372 1352 532 1385 beatorum
558 1354 680 1385 animae

286 1398 419 1430 Perenni
445 1400 639 1431 beatitudine

327 1445 478 1477 Feliciter
499 1447 720 1485 jucundantur.

229 1512 260 1542 3.
286 1510 361 1542 Vidi
387 1520 491 1551 regem
517 1515 697 1543 coronatum

331 1556 433 1590 Multo
460 1559 646 1598 diademate,

283 1604 378 1635 Clara
401 1606 482 1636 stola
507 1605 706 1637 candidatum

329 1651 506 1689 Purpurata
530 1653 690 1692 sanguine,

285 1698 378 1734 Quem
404 1697 437 1729 in
462 1698 542 1730 albis
567 1700 777 1738 sequebantur

331 1743 487 1776 Coelestes
512 1745 653 1785 militiae,

283 1790 361 1829 Regi
384 1799 491 1831 regum
517 1793 715 1824 concinentes

331 1836 492 1869 Canticum
516 1839 667 1871 laetitiae.

213 1883 251 1914 V.
282 1883 446 1916 Laveruozt
476 1885 573 1917 stolas
601 1895 677 1917 suas
702 1889 730 1917 et
755 1896 830 1918 caw-

284 1930 377 1962 didas
395 1939 446 1963 eas
463 1932 605 1971 fecerunt
620 1932 658 1963 in
673 1933 832 1973 sanquine

286 1976 375 2016 aym.

378 2099 424 2130 In
449 2100 673 2134 Laudibus„
727 2117 730 2120 ·

429 2184 620 2220 Antiphonae.

228 2249 260 2283 1.
286 2249 437 2282 Dominus
462 2259 517 2282 rex
542 2252 669 2293 gloriae,

330 2298 493 2329 vulnerum
520 2307 631 2330 cruore

285 2343 490 2385 Purpuratus,
520 2346 614 2377 hodie

332 2391 464 2424 vest-itur
490 2393 611 2425 decore.

898 247 927 277 2.
955 245 1077 277 Jubilet
1102 244 1235 276 ecclesia

1000 291 1125 323 Christo
1150 290 1353 329 redemptori,

954 338 1013 376 Qui
1034 347 1092 377 pro
1116 339 1186 376 ipso
1211 337 1310 368 voluit

1000 385 1181 416 vulneratus
1205 383 1295 414 mori.

897 451 927 482 3.
953 450 1074 480 Auctor
1096 449 1182 480 vitae
1204 447 1285 480 Sirio

1001 493 1146 536 profatur
1173 494 1205 525 in
1232 501 1332 535 cruce,

954 541 1051 573 Liber
1074 550 1093 572 a
1116 540 1271 582 supplicio

1000 589 1083 628 quod
1108 596 1219 628 regnes
1243 587 1277 618 in
1301 587 1380 620 luce.

897 656 928 686 4.
952 654 1148 686 Benedicant
1171 653 1337 684 Dominum

1002 709 1108 732 omnes
1133 703 1307 739 creaturae,

954 748 1012 787 Qui
1037 756 1095 787 pro
1120 747 1210 778 nobis
1235 746 1333 778 voluit

1002 794 1161 826 vulnerari
1190 794 1277 825 dure.

896 862 926 893 5.
953 860 990 892 In
1016 860 1141 892 chordis
1167 862 1199 890 et
1222 867 1338 898 organo

1007 903 1166 940 Christum
1191 915 1295 946 regem
1322 905 1401 937 caeli

959 953 1181 985 Collaudemus
1205 954 1374 985 adorantes

1004 1003 1133 1039 pectore
1156 999 1254 1033 fideli.

1070 1093 1116 1120 Ad
1135 1093 1317 1120 Benedictus.

888 1152 927 1182 A.
957 1151 1132 1182 Benedicta
1157 1150 1315 1181 benedicti

1005 1197 1178 1228 Salvatoris
1204 1197 1344 1235 vulnera,

959 1243 1019 1275 Per
1044 1252 1124 1283 quae
1147 1243 1281 1275 vinculis
1307 1242 1454 1274 adstricti

1004 1289 1177 1321 Libertatis
1202 1298 1332 1321 munera

960 1337 1125 1368 Consecuti
1150 1339 1231 1375 sunt,
1258 1337 1367 1367 abluta

1006 1384 1175 1415 Criminum
1201 1383 1353 1423 contagia,

959 1431 1043 1461 Vera
1069 1431 1134 1462 vita
1156 1433 1259 1462 morte
1280 1430 1359 1461 trita

1007 1478 1189 1508 Praestatur
1214 1480 1246 1508 et,
1270 1477 1380 1517 gratia.

1076 1598 1153 1630 Per
1177 1598 1322 1630 Horas.

1094 1673 1139 1700 Ad
1159 1673 1295 1700 Primam.

887 1732 926 1762 A.
954 1731 1043 1762 Haec
1067 1734 1115 1762 est
1141 1731 1208 1762 dies
1232 1731 1352 1772 inclita,

958 1779 1043 1817 Quae
1067 1778 1185 1810 Christi
1209 1778 1361 1809 memoria

1004 1825 1176 1856 Vulnerum
1199 1824 1344 1864 habetur,

958 1873 1020 1904 Per
1043 1872 1201 1902 mundana
1226 1872 1353 1903 climata

957 1917 1100 1949 Militans
1126 1918 1259 1949 ecclesia

1004 1964 1134 1996 Festive
1157 1965 1292 1996 laetetur

957 2011 1001 2043 Et
1024 2012 1189 2050 praeclara
1213 2012 1362 2052 stigmata

957 2058 1075 2090 Christi
1099 2059 1194 2090 laude
1219 2059 1327 2091 debit-a

1004 2104 1107 2145 Digne
1130 2110 1307 2139 veneretur.

1096 2198 1140 2224 Ad
1159 2199 1296 2226 Tertiam.

889 2255 928 2287 A.
958 2255 982 2287 Ο
1009 2255 1079 2287 fons
1102 2255 1286 2288 indeficiens

1006 2302 1152 2335 Summae
1174 2304 1356 2345 voluptatis,

958 2349 1097 2389 Angelos
1121 2349 1267 2382 reficiens

1006 2397 1116 2429 Proles
1146 2397 1282 2438 deitatis,
