<?xml version="1.0" encoding="UTF-8"?>
<!DOCTYPE html PUBLIC "-//W3C//DTD XHTML 1.0 Transitional//EN"
    "http://www.w3.org/TR/xhtml1/DTD/xhtml1-transitional.dtd">
<html xmlns="http://www.w3.org/1999/xhtml" xml:lang="en" lang="en">
 <head>
  <title>
</title>
<meta http-equiv="Content-Type" content="text/html;charset=utf-8" />
  <meta name='ocr-system' content='tesseract 3.04.00' />
  <meta name='ocr-capabilities' content='ocr_page ocr_carea ocr_par ocr_line ocrx_word'/>
</head>
<body>
  <div class='ocr_page' id='page_1' title='image "./analectahymnica24drevuoft_00115.png"; bbox 0 0 1652 2615; ppageno 0'>
   <div class='ocr_carea' id='block_1_1' title="bbox 721 144 972 177">
    <p class='ocr_par' dir='ltr' id='par_1_1' title="bbox 721 144 972 177">
     <span class='ocr_line' id='line_1_1' title="bbox 721 144 972 177; baseline -0.008 1"><span class='ocrx_word' id='word_1_1' title='bbox 721 144 972 177; x_wconf 82' lang='lat'>-112—</span> 
     </span>
    </p>
   </div>
   <div class='ocr_carea' id='block_1_2' title="bbox 276 238 815 415">
    <p class='ocr_par' dir='ltr' id='par_1_2' title="bbox 276 238 771 326">
     <span class='ocr_line' id='line_1_2' title="bbox 276 238 713 278; baseline -0.009 -6"><span class='ocrx_word' id='word_1_2' title='bbox 276 241 399 272; x_wconf 80' lang='lat' dir='ltr'>Memor</span> <span class='ocrx_word' id='word_1_3' title='bbox 424 243 493 271; x_wconf 86' lang='lat' dir='ltr'><strong>tuae</strong></span> <span class='ocrx_word' id='word_1_4' title='bbox 517 238 713 278; x_wconf 82' lang='lat' dir='ltr'><strong>humilitatis,</strong></span> 
     </span>
     <span class='ocr_line' id='line_1_3' title="bbox 325 284 771 326; baseline -0.011 -7"><span class='ocrx_word' id='word_1_5' title='bbox 325 287 413 326; x_wconf 64' lang='lat' dir='ltr'><strong>Quod</strong></span> <span class='ocrx_word' id='word_1_6' title='bbox 438 285 602 318; x_wconf 77' lang='lat' dir='ltr'><strong>Elisabeth</strong></span> <span class='ocrx_word' id='word_1_7' title='bbox 628 284 771 324; x_wconf 80' lang='lat' dir='ltr'><strong>visitasti,</strong></span> 
     </span>
    </p>

    <p class='ocr_par' dir='ltr' id='par_1_3' title="bbox 279 330 815 415">
     <span class='ocr_line' id='line_1_4' title="bbox 279 330 764 370; baseline -0.01 -5"><span class='ocrx_word' id='word_1_8' title='bbox 279 334 474 365; x_wconf 87' lang='lat' dir='ltr'><strong>Cohaeredes</strong></span> <span class='ocrx_word' id='word_1_9' title='bbox 499 331 550 364; x_wconf 81' lang='lat' dir='ltr'><strong>fac</strong></span> <span class='ocrx_word' id='word_1_10' title='bbox 574 340 629 362; x_wconf 89' lang='lat' dir='ltr'><strong>nos</strong></span> <span class='ocrx_word' id='word_1_11' title='bbox 655 330 764 370; x_wconf 84' lang='lat' dir='ltr'><strong>beatis,</strong></span> 
     </span>
     <span class='ocr_line' id='line_1_5' title="bbox 321 375 815 415; baseline -0.008 -4"><span class='ocrx_word' id='word_1_12' title='bbox 321 380 403 411; x_wconf 79' lang='lat' dir='ltr'><strong>Nato</strong></span> <span class='ocrx_word' id='word_1_13' title='bbox 428 379 574 410; x_wconf 87' lang='lat' dir='ltr'><strong>mundum</strong></span> <span class='ocrx_word' id='word_1_14' title='bbox 601 379 634 407; x_wconf 89' lang='lat' dir='ltr'><strong>tu</strong></span> <span class='ocrx_word' id='word_1_15' title='bbox 651 375 815 415; x_wconf 80' lang='lat' dir='ltr'><strong>reparasti.</strong></span> 
     </span>
    </p>
   </div>
   <div class='ocr_carea' id='block_1_3' title="bbox 238 451 780 820">
    <p class='ocr_par' dir='ltr' id='par_1_4' title="bbox 297 451 723 534">
     <span class='ocr_line' id='line_1_6' title="bbox 297 451 723 492; baseline -0.014 -6"><span class='ocrx_word' id='word_1_16' title='bbox 297 455 356 486; x_wconf 87' lang='lat' dir='ltr'><strong>Ad</strong></span> <span class='ocrx_word' id='word_1_17' title='bbox 385 451 723 492; x_wconf 77' lang='lat' dir='ltr'><strong>Completorium.</strong></span> 
     </span>
     <span class='ocr_line' id='line_1_7' title="bbox 363 506 660 534; baseline -0.01 0"><span class='ocrx_word' id='word_1_18' title='bbox 363 507 408 534; x_wconf 75' lang='lat' dir='ltr'><strong>Ad</strong></span> <span class='ocrx_word' id='word_1_19' title='bbox 427 508 509 534; x_wconf 82' lang='lat' dir='ltr'><strong>Nune</strong></span> <span class='ocrx_word' id='word_1_20' title='bbox 530 506 660 533; x_wconf 84' lang='lat' dir='ltr'><strong>dimittis.</strong></span> 
     </span>
    </p>

    <p class='ocr_par' dir='ltr' id='par_1_5' title="bbox 238 551 780 688">
     <span class='ocr_line' id='line_1_8' title="bbox 238 551 718 593; baseline -0.013 -4"><span class='ocrx_word' id='word_1_21' title='bbox 238 581 245 589; x_wconf 90' lang='lat'><em>.</em></span> <span class='ocrx_word' id='word_1_22' title='bbox 276 555 485 587; x_wconf 85' lang='lat' dir='ltr'><strong>Turbulentos</strong></span> <span class='ocrx_word' id='word_1_23' title='bbox 510 555 609 586; x_wconf 85' lang='lat' dir='ltr'><strong>laetos</strong></span> <span class='ocrx_word' id='word_1_24' title='bbox 634 551 718 593; x_wconf 83' lang='lat' dir='ltr'><strong>fecit,</strong></span> 
     </span>
     <span class='ocr_line' id='line_1_9' title="bbox 275 598 780 633; baseline -0.004 -1"><span class='ocrx_word' id='word_1_25' title='bbox 275 602 391 633; x_wconf 71' lang='lat' dir='ltr'><strong>ventre</strong></span> <span class='ocrx_word' id='word_1_26' title='bbox 417 601 553 632; x_wconf 84' lang='lat' dir='ltr'><strong>clausum</strong></span> <span class='ocrx_word' id='word_1_27' title='bbox 581 600 653 631; x_wconf 90' lang='lat' dir='ltr'><strong>dum</strong></span> <span class='ocrx_word' id='word_1_28' title='bbox 678 598 780 630; x_wconf 84' lang='lat' dir='ltr'><strong>reficit</strong></span> 
     </span>
     <span class='ocr_line' id='line_1_10' title="bbox 318 646 732 688; baseline -0.012 -7"><span class='ocrx_word' id='word_1_29' title='bbox 318 647 489 681; x_wconf 86' lang='lat' dir='ltr'><strong>Johannem</strong></span> <span class='ocrx_word' id='word_1_30' title='bbox 516 650 588 679; x_wconf 84' lang='lat' dir='ltr'><strong>nato</strong></span> <span class='ocrx_word' id='word_1_31' title='bbox 613 646 732 688; x_wconf 83' lang='lat' dir='ltr'><strong>inclito²</strong></span> 
     </span>
    </p>

    <p class='ocr_par' dir='ltr' id='par_1_6' title="bbox 277 693 753 820">
     <span class='ocr_line' id='line_1_11' title="bbox 277 693 666 730; baseline -0.005 -4"><span class='ocrx_word' id='word_1_32' title='bbox 277 694 449 726; x_wconf 78' lang='lat' dir='ltr'><strong>Benedicta</strong></span> <span class='ocrx_word' id='word_1_33' title='bbox 473 697 573 726; x_wconf 84' lang='lat' dir='ltr'><strong>mater</strong></span> <span class='ocrx_word' id='word_1_34' title='bbox 598 693 666 730; x_wconf 88' lang='lat' dir='ltr'><strong>Dei,</strong></span> 
     </span>
     <span class='ocr_line' id='line_1_12' title="bbox 277 740 753 781; baseline -0.008 -8"><span class='ocrx_word' id='word_1_35' title='bbox 277 740 381 781; x_wconf 86' lang='lat' dir='ltr'><strong>Larga</strong></span> <span class='ocrx_word' id='word_1_36' title='bbox 406 742 510 772; x_wconf 71' lang='lat' dir='ltr'><strong>datrix</strong></span> <span class='ocrx_word' id='word_1_37' title='bbox 534 742 662 772; x_wconf 85' lang='lat' dir='ltr'><strong>sanctae</strong></span> <span class='ocrx_word' id='word_1_38' title='bbox 686 740 753 778; x_wconf 85' lang='lat' dir='ltr'><strong>spei</strong></span> 
     </span>
     <span class='ocr_line' id='line_1_13' title="bbox 317 786 670 820; baseline -0.008 -1"><span class='ocrx_word' id='word_1_39' title='bbox 317 788 359 820; x_wconf 82' lang='lat' dir='ltr'><strong>Et</strong></span> <span class='ocrx_word' id='word_1_40' title='bbox 385 788 523 819; x_wconf 81' lang='lat' dir='ltr'><strong>solamen</strong></span> <span class='ocrx_word' id='word_1_41' title='bbox 548 786 670 818; x_wconf 87' lang='lat' dir='ltr'><strong>misero.</strong></span> 
     </span>
    </p>
   </div>
   <div class='ocr_carea' id='block_1_4' title="bbox 335 862 682 893">
    <p class='ocr_par' dir='ltr' id='par_1_7' title="bbox 335 862 682 893">
     <span class='ocr_line' id='line_1_14' title="bbox 335 862 682 893; baseline -0.012 0"><span class='ocrx_word' id='word_1_42' title='bbox 335 862 394 893; x_wconf 90' lang='lat' dir='ltr'><strong>Ad</strong></span> <span class='ocrx_word' id='word_1_43' title='bbox 421 862 682 893; x_wconf 81' lang='lat' dir='ltr'><strong>Matutinum,</strong></span> 
     </span>
    </p>
   </div>
   <div class='ocr_carea' id='block_1_5' title="bbox 274 917 724 1143">
    <p class='ocr_par' dir='ltr' id='par_1_8' title="bbox 274 917 724 1143">
     <span class='ocr_line' id='line_1_15' title="bbox 404 917 614 943; baseline -0.014 0"><span class='ocrx_word' id='word_1_44' title='bbox 404 917 614 943; x_wconf 76' lang='lat' dir='ltr'><strong>Invitatorium.</strong></span> 
     </span>
     <span class='ocr_line' id='line_1_16' title="bbox 274 964 686 1004; baseline -0.01 -7"><span class='ocrx_word' id='word_1_45' title='bbox 274 966 369 1004; x_wconf 81' lang='lat' dir='ltr'><strong>Quem</strong></span> <span class='ocrx_word' id='word_1_46' title='bbox 394 964 555 1003; x_wconf 79' lang='lat' dir='ltr'><strong>virginalis</strong></span> <span class='ocrx_word' id='word_1_47' title='bbox 580 965 686 993; x_wconf 89' lang='lat' dir='ltr'><strong>uterus</strong></span> 
     </span>
     <span class='ocr_line' id='line_1_17' title="bbox 323 1009 710 1051; baseline -0.008 -8"><span class='ocrx_word' id='word_1_48' title='bbox 323 1013 424 1049; x_wconf 84' lang='lat' dir='ltr'>Super</span> <span class='ocrx_word' id='word_1_49' title='bbox 448 1012 595 1041; x_wconf 85' lang='lat' dir='ltr'><strong>montana</strong></span> <span class='ocrx_word' id='word_1_50' title='bbox 617 1009 710 1051; x_wconf 84' lang='lat' dir='ltr'><strong>vexit,</strong></span> 
     </span>
     <span class='ocr_line' id='line_1_18' title="bbox 274 1056 711 1089; baseline -0.007 0"><span class='ocrx_word' id='word_1_51' title='bbox 274 1058 365 1089; x_wconf 85' lang='lat' dir='ltr'><strong>Nunc</strong></span> <span class='ocrx_word' id='word_1_52' title='bbox 389 1057 537 1088; x_wconf 85' lang='lat' dir='ltr'><strong>adoretur</strong></span> <span class='ocrx_word' id='word_1_53' title='bbox 560 1056 711 1088; x_wconf 82' lang='lat' dir='ltr'><strong>Dominus</strong></span> 
     </span>
     <span class='ocr_line' id='line_1_19' title="bbox 321 1103 724 1143; baseline -0.01 -6"><span class='ocrx_word' id='word_1_54' title='bbox 321 1106 423 1143; x_wconf 81' lang='lat' dir='ltr'><strong>Jesus,</strong></span> <span class='ocrx_word' id='word_1_55' title='bbox 449 1103 501 1142; x_wconf 82' lang='lat' dir='ltr'><strong>qni</strong></span> <span class='ocrx_word' id='word_1_56' title='bbox 525 1112 581 1134; x_wconf 88' lang='lat' dir='ltr'><strong>nos</strong></span> <span class='ocrx_word' id='word_1_57' title='bbox 607 1103 724 1133; x_wconf 78' lang='lat' dir='ltr'><strong>dilexit.</strong></span> 
     </span>
    </p>
   </div>
   <div class='ocr_carea' id='block_1_6' title="bbox 336 1177 692 1267">
    <p class='ocr_par' dir='ltr' id='par_1_9' title="bbox 336 1177 692 1267">
     <span class='ocr_line' id='line_1_20' title="bbox 336 1177 692 1210; baseline -0.003 0"><span class='ocrx_word' id='word_1_58' title='bbox 336 1179 379 1210; x_wconf 87' lang='lat' dir='ltr'><strong>In</strong></span> <span class='ocrx_word' id='word_1_59' title='bbox 406 1178 435 1209; x_wconf 86' lang='lat'><strong>1.</strong></span> <span class='ocrx_word' id='word_1_60' title='bbox 461 1177 692 1209; x_wconf 79' lang='lat' dir='ltr'><strong>Nocturno.</strong></span> 
     </span>
     <span class='ocr_line' id='line_1_21' title="bbox 420 1232 611 1267; baseline -0.005 -9"><span class='ocrx_word' id='word_1_61' title='bbox 420 1232 611 1267; x_wconf 80' lang='lat' dir='ltr'><strong>Antiphonae.</strong></span> 
     </span>
    </p>
   </div>
   <div class='ocr_carea' id='block_1_7' title="bbox 241 1288 781 1467">
    <p class='ocr_par' dir='ltr' id='par_1_10' title="bbox 241 1288 781 1467">
     <span class='ocr_line' id='line_1_22' title="bbox 241 1288 620 1329; baseline -0.008 -8"><span class='ocrx_word' id='word_1_62' title='bbox 241 1315 247 1321; x_wconf 96' lang='lat'>.</span> <span class='ocrx_word' id='word_1_63' title='bbox 274 1289 384 1329; x_wconf 78' lang='lat' dir='ltr'><strong>Regali</strong></span> <span class='ocrx_word' id='word_1_64' title='bbox 410 1297 447 1319; x_wconf 81' lang='lat' dir='ltr'><strong>ex</strong></span> <span class='ocrx_word' id='word_1_65' title='bbox 472 1288 620 1328; x_wconf 87' lang='lat' dir='ltr'><strong>progenie</strong></span> 
     </span>
     <span class='ocr_line' id='line_1_23' title="bbox 320 1334 781 1374; baseline -0.004 -7"><span class='ocrx_word' id='word_1_66' title='bbox 320 1336 425 1368; x_wconf 84' lang='lat' dir='ltr'><strong>Mater</strong></span> <span class='ocrx_word' id='word_1_67' title='bbox 448 1335 621 1374; x_wconf 79' lang='lat' dir='ltr'><strong>procedens</strong></span> <span class='ocrx_word' id='word_1_68' title='bbox 645 1334 781 1373; x_wconf 81' lang='lat' dir='ltr'><strong>Domini,</strong></span> 
     </span>
     <span class='ocr_line' id='line_1_24' title="bbox 280 1382 661 1414; baseline -0.005 -1"><span class='ocrx_word' id='word_1_69' title='bbox 280 1383 375 1414; x_wconf 86' lang='lat' dir='ltr'><strong>Plena</strong></span> <span class='ocrx_word' id='word_1_70' title='bbox 405 1382 509 1413; x_wconf 91' lang='lat' dir='ltr'><strong>divino</strong></span> <span class='ocrx_word' id='word_1_71' title='bbox 533 1389 661 1413; x_wconf 86' lang='lat' dir='ltr'><strong>munere</strong></span> 
     </span>
     <span class='ocr_line' id='line_1_25' title="bbox 322 1427 726 1467; baseline -0.002 -7"><span class='ocrx_word' id='word_1_72' title='bbox 322 1428 426 1460; x_wconf 88' lang='lat' dir='ltr'><strong>Verbo</strong></span> <span class='ocrx_word' id='word_1_73' title='bbox 451 1427 550 1467; x_wconf 78' lang='lat' dir='ltr'><strong>fulget</strong></span> <span class='ocrx_word' id='word_1_74' title='bbox 573 1427 726 1459; x_wconf 84' lang='lat' dir='ltr'><strong>altissimi.</strong></span> 
     </span>
    </p>
   </div>
   <div class='ocr_carea' id='block_1_8' title="bbox 242 1483 799 1662">
    <p class='ocr_par' dir='ltr' id='par_1_11' title="bbox 242 1483 799 1662">
     <span class='ocr_line' id='line_1_26' title="bbox 242 1483 687 1516; baseline -0.007 0"><span class='ocrx_word' id='word_1_75' title='bbox 242 1511 250 1516; x_wconf 89' lang='lat'><em>.</em></span> <span class='ocrx_word' id='word_1_76' title='bbox 277 1485 394 1516; x_wconf 86' lang='lat' dir='ltr'><strong>Parens</strong></span> <span class='ocrx_word' id='word_1_77' title='bbox 420 1484 507 1515; x_wconf 91' lang='lat' dir='ltr'><strong>verbi</strong></span> <span class='ocrx_word' id='word_1_78' title='bbox 533 1483 687 1515; x_wconf 85' lang='lat' dir='ltr'><strong>Dominici</strong></span> 
     </span>
     <span class='ocr_line' id='line_1_27' title="bbox 322 1528 694 1563; baseline -0.008 0"><span class='ocrx_word' id='word_1_79' title='bbox 322 1530 425 1563; x_wconf 84' lang='lat' dir='ltr'><strong>Verbo</strong></span> <span class='ocrx_word' id='word_1_80' title='bbox 450 1528 519 1561; x_wconf 79' lang='lat' dir='ltr'><strong>fuso</strong></span> <span class='ocrx_word' id='word_1_81' title='bbox 543 1529 694 1562; x_wconf 80' lang='lat' dir='ltr'><strong>laetificat</strong></span> 
     </span>
     <span class='ocr_line' id='line_1_28' title="bbox 276 1576 673 1618; baseline -0.008 -9"><span class='ocrx_word' id='word_1_82' title='bbox 276 1578 410 1609; x_wconf 87' lang='lat' dir='ltr'><strong>Matrem</strong></span> <span class='ocrx_word' id='word_1_83' title='bbox 436 1577 516 1608; x_wconf 83' lang='lat' dir='ltr'><strong>vatis</strong></span> <span class='ocrx_word' id='word_1_84' title='bbox 540 1576 673 1618; x_wconf 84' lang='lat' dir='ltr'><strong>mirifici,</strong></span> 
     </span>
     <span class='ocr_line' id='line_1_29' title="bbox 323 1623 799 1662; baseline 0 -6"><span class='ocrx_word' id='word_1_85' title='bbox 323 1625 420 1662; x_wconf 67' lang='lat' dir='ltr'><strong>Quam</strong></span> <span class='ocrx_word' id='word_1_86' title='bbox 445 1624 486 1654; x_wconf 88' lang='lat' dir='ltr'><strong>ad</strong></span> <span class='ocrx_word' id='word_1_87' title='bbox 513 1625 660 1655; x_wconf 84' lang='lat' dir='ltr'><strong>montana</strong></span> <span class='ocrx_word' id='word_1_88' title='bbox 684 1623 799 1656; x_wconf 81' lang='lat' dir='ltr'><strong>visitat.</strong></span> 
     </span>
    </p>
   </div>
   <div class='ocr_carea' id='block_1_9' title="bbox 245 1678 772 1859">
    <p class='ocr_par' dir='ltr' id='par_1_12' title="bbox 245 1678 772 1765">
     <span class='ocr_line' id='line_1_30' title="bbox 245 1678 711 1711; baseline -0.004 0"><span class='ocrx_word' id='word_1_89' title='bbox 245 1704 250 1711; x_wconf 94' lang='lat'><em>.</em></span> <span class='ocrx_word' id='word_1_90' title='bbox 277 1679 381 1711; x_wconf 82' lang='lat' dir='ltr'><strong>Ferax</strong></span> <span class='ocrx_word' id='word_1_91' title='bbox 407 1681 455 1710; x_wconf 86' lang='lat' dir='ltr'><strong>est</strong></span> <span class='ocrx_word' id='word_1_92' title='bbox 477 1682 563 1711; x_wconf 85' lang='lat' dir='ltr'><strong>terra</strong></span> <span class='ocrx_word' id='word_1_93' title='bbox 588 1678 711 1709; x_wconf 86' lang='lat' dir='ltr'><strong>Domini</strong></span> 
     </span>
     <span class='ocr_line' id='line_1_31' title="bbox 322 1725 772 1765; baseline -0.004 -7"><span class='ocrx_word' id='word_1_94' title='bbox 322 1727 439 1758; x_wconf 79' lang='lat' dir='ltr'><strong>Venter</strong></span> <span class='ocrx_word' id='word_1_95' title='bbox 467 1729 610 1758; x_wconf 84' lang='lat' dir='ltr'><strong>sacratae</strong></span> <span class='ocrx_word' id='word_1_96' title='bbox 635 1725 772 1765; x_wconf 84' lang='lat' dir='ltr'><strong>virginis,</strong></span> 
     </span>
    </p>

    <p class='ocr_par' dir='ltr' id='par_1_13' title="bbox 277 1771 766 1859">
     <span class='ocr_line' id='line_1_32' title="bbox 277 1771 766 1811; baseline -0.006 -7"><span class='ocrx_word' id='word_1_97' title='bbox 277 1773 335 1811; x_wconf 74' lang='lat' dir='ltr'><strong>Qui</strong></span> <span class='ocrx_word' id='word_1_98' title='bbox 359 1772 538 1804; x_wconf 83' lang='lat' dir='ltr'><strong>thesaurum</strong></span> <span class='ocrx_word' id='word_1_99' title='bbox 563 1772 623 1804; x_wconf 91' lang='lat' dir='ltr'><strong>fert</strong></span> <span class='ocrx_word' id='word_1_100' title='bbox 652 1771 766 1802; x_wconf 88' lang='lat' dir='ltr'><strong>homini</strong></span> 
     </span>
     <span class='ocr_line' id='line_1_33' title="bbox 323 1818 766 1859; baseline -0.002 -8"><span class='ocrx_word' id='word_1_101' title='bbox 323 1819 458 1851; x_wconf 82' lang='lat' dir='ltr'><strong>Nostrae</strong></span> <span class='ocrx_word' id='word_1_102' title='bbox 482 1828 588 1859; x_wconf 88' lang='lat' dir='ltr'><strong>parem</strong></span> <span class='ocrx_word' id='word_1_103' title='bbox 613 1818 766 1858; x_wconf 86' lang='lat' dir='ltr'><strong>imaginis.</strong></span> 
     </span>
    </p>
   </div>
   <div class='ocr_carea' id='block_1_10' title="bbox 242 1883 795 2110">
    <p class='ocr_par' dir='ltr' id='par_1_14' title="bbox 409 1883 614 1918">
     <span class='ocr_line' id='line_1_34' title="bbox 409 1883 614 1918; baseline -0.005 -9"><span class='ocrx_word' id='word_1_104' title='bbox 409 1883 614 1918; x_wconf 82' lang='lat' dir='ltr'><strong>Responsoria.</strong></span> 
     </span>
    </p>

    <p class='ocr_par' dir='ltr' id='par_1_15' title="bbox 242 1929 546 1969">
     <span class='ocr_line' id='line_1_35' title="bbox 242 1929 546 1969; baseline -0.007 -7"><span class='ocrx_word' id='word_1_105' title='bbox 242 1956 248 1962; x_wconf 89' lang='lat'><em>.</em></span> <span class='ocrx_word' id='word_1_106' title='bbox 273 1930 436 1969; x_wconf 84' lang='lat' dir='ltr'><strong>Speciosas</strong></span> <span class='ocrx_word' id='word_1_107' title='bbox 465 1929 546 1961; x_wconf 91' lang='lat' dir='ltr'><strong>filias</strong></span> 
     </span>
    </p>

    <p class='ocr_par' dir='ltr' id='par_1_16' title="bbox 277 1976 795 2110">
     <span class='ocr_line' id='line_1_36' title="bbox 277 1976 615 2007; baseline -0.003 0"><span class='ocrx_word' id='word_1_108' title='bbox 277 1977 463 2007; x_wconf 70' lang='lat' dir='ltr'><strong>&#39;Ii-aetantes</strong></span> <span class='ocrx_word' id='word_1_109' title='bbox 489 1976 615 2007; x_wconf 80' lang='lat' dir='ltr'><strong>divitias</strong></span> 
     </span>
     <span class='ocr_line' id='line_1_37' title="bbox 324 2022 795 2054; baseline -0.002 0"><span class='ocrx_word' id='word_1_110' title='bbox 324 2023 429 2054; x_wconf 84' lang='lat' dir='ltr'><strong>Mater</strong></span> <span class='ocrx_word' id='word_1_111' title='bbox 451 2022 644 2054; x_wconf 79' lang='lat' dir='ltr'><strong>transcendit</strong></span> <span class='ocrx_word' id='word_1_112' title='bbox 668 2022 795 2053; x_wconf 88' lang='lat' dir='ltr'><strong>Domini</strong></span> 
     </span>
     <span class='ocr_line' id='line_1_38' title="bbox 323 2069 794 2110; baseline 0 -11"><span class='ocrx_word' id='word_1_113' title='bbox 323 2069 483 2100; x_wconf 82' lang='lat' dir='ltr'><strong>Thesauro</strong></span> <span class='ocrx_word' id='word_1_114' title='bbox 508 2069 627 2100; x_wconf 85' lang='lat' dir='ltr'><strong>ventris</strong></span> <span class='ocrx_word' id='word_1_115' title='bbox 651 2070 794 2110; x_wconf 79' lang='lat' dir='ltr'><strong>gravidi;</strong></span> 
     </span>
    </p>
   </div>
   <div class='ocr_carea' id='block_1_11' title="bbox 225 2114 708 2154">
    <p class='ocr_par' dir='ltr' id='par_1_17' title="bbox 225 2114 708 2154">
     <span class='ocr_line' id='line_1_39' title="bbox 225 2114 708 2154; baseline -0.008 -5"><span class='ocrx_word' id='word_1_116' title='bbox 225 2116 246 2149; x_wconf 85' lang='lat'><strong>⁷.</strong></span> <span class='ocrx_word' id='word_1_117' title='bbox 275 2115 464 2147; x_wconf 87' lang='lat' dir='ltr'><strong>Benedictus</strong></span> <span class='ocrx_word' id='word_1_118' title='bbox 493 2115 554 2146; x_wconf 88' lang='lat' dir='ltr'><strong>iste</strong></span> <span class='ocrx_word' id='word_1_119' title='bbox 578 2114 708 2154; x_wconf 79' lang='lat' dir='ltr'><strong>fructus,</strong></span> 
     </span>
    </p>
   </div>
   <div class='ocr_carea' id='block_1_12' title="bbox 277 2162 765 2242">
    <p class='ocr_par' dir='ltr' id='par_1_18' title="bbox 277 2162 765 2242">
     <span class='ocr_line' id='line_1_40' title="bbox 277 2162 765 2204; baseline -0.002 -10"><span class='ocrx_word' id='word_1_120' title='bbox 277 2163 412 2194; x_wconf 82' lang='lat' dir='ltr'><strong>Fructus</strong></span> <span class='ocrx_word' id='word_1_121' title='bbox 437 2162 542 2200; x_wconf 83' lang='lat' dir='ltr'><strong>gaudii</strong></span> <span class='ocrx_word' id='word_1_122' title='bbox 568 2170 626 2193; x_wconf 90' lang='lat' dir='ltr'><strong>non</strong></span> <span class='ocrx_word' id='word_1_123' title='bbox 653 2162 765 2204; x_wconf 85' lang='lat' dir='ltr'><strong>luctus,</strong></span> 
     </span>
     <span class='ocr_line' id='line_1_41' title="bbox 325 2208 758 2242; baseline -0.007 -1"><span class='ocrx_word' id='word_1_124' title='bbox 325 2210 459 2241; x_wconf 83' lang='lat' dir='ltr'><strong>Fructus</strong></span> <span class='ocrx_word' id='word_1_125' title='bbox 486 2208 622 2240; x_wconf 89' lang='lat' dir='ltr'><strong>dulcoris</strong></span> <span class='ocrx_word' id='word_1_126' title='bbox 646 2208 758 2242; x_wconf 82' lang='lat' dir='ltr'><strong>intimi.</strong></span> 
     </span>
    </p>
   </div>
   <div class='ocr_carea' id='block_1_13' title="bbox 245 2263 723 2445">
    <p class='ocr_par' dir='ltr' id='par_1_19' title="bbox 245 2263 620 2299">
     <span class='ocr_line' id='line_1_42' title="bbox 245 2263 620 2299; baseline -0.013 0"><span class='ocrx_word' id='word_1_127' title='bbox 245 2293 251 2299; x_wconf 94' lang='lat'>.</span> <span class='ocrx_word' id='word_1_128' title='bbox 277 2266 374 2297; x_wconf 90' lang='lat' dir='ltr'><strong>Modo</strong></span> <span class='ocrx_word' id='word_1_129' title='bbox 399 2263 620 2295; x_wconf 89' lang='lat' dir='ltr'><strong>inaestimabili</strong></span> 
     </span>
    </p>

    <p class='ocr_par' dir='ltr' id='par_1_20' title="bbox 278 2311 721 2398">
     <span class='ocr_line' id='line_1_43' title="bbox 325 2311 721 2351; baseline -0.008 -7"><span class='ocrx_word' id='word_1_130' title='bbox 325 2312 378 2344; x_wconf 87' lang='lat' dir='ltr'><strong>Sol</strong></span> <span class='ocrx_word' id='word_1_131' title='bbox 403 2312 507 2342; x_wconf 89' lang='lat' dir='ltr'><strong>lunam</strong></span> <span class='ocrx_word' id='word_1_132' title='bbox 531 2311 721 2351; x_wconf 84' lang='lat' dir='ltr'><strong>inlustravit,</strong></span> 
     </span>
     <span class='ocr_line' id='line_1_44' title="bbox 278 2357 599 2398; baseline -0.009 -6"><span class='ocrx_word' id='word_1_133' title='bbox 278 2360 382 2392; x_wconf 84' lang='lat' dir='ltr'><strong>Maria</strong></span> <span class='ocrx_word' id='word_1_134' title='bbox 408 2367 499 2389; x_wconf 87' lang='lat' dir='ltr'><strong>cursu</strong></span> <span class='ocrx_word' id='word_1_135' title='bbox 524 2357 599 2398; x_wconf 87' lang='lat' dir='ltr'><strong>agili</strong></span> 
     </span>
    </p>

    <p class='ocr_par' dir='ltr' id='par_1_21' title="bbox 324 2405 723 2445">
     <span class='ocr_line' id='line_1_45' title="bbox 324 2405 723 2445; baseline -0.01 -6"><span class='ocrx_word' id='word_1_136' title='bbox 324 2407 408 2439; x_wconf 83' lang='lat' dir='ltr'><strong>Dum</strong></span> <span class='ocrx_word' id='word_1_137' title='bbox 432 2408 552 2438; x_wconf 76' lang='lat' dir='ltr'><strong>montes</strong></span> <span class='ocrx_word' id='word_1_138' title='bbox 574 2405 723 2445; x_wconf 77' lang='lat' dir='ltr'><strong>visitavit,</strong></span> 
     </span>
    </p>
   </div>
   <div class='ocr_carea' id='block_1_14' title="bbox 874 420 911 451">
    <p class='ocr_par' dir='ltr' id='par_1_22' title="bbox 874 420 911 451">
     <span class='ocr_line' id='line_1_46' title="bbox 874 420 911 451; baseline 0 0"><span class='ocrx_word' id='word_1_139' title='bbox 874 420 911 451; x_wconf 88' lang='lat' dir='ltr'><strong>V.</strong></span> 
     </span>
    </p>
   </div>
   <div class='ocr_carea' id='block_1_15' title="bbox 888 570 917 602">
    <p class='ocr_par' dir='ltr' id='par_1_23' title="bbox 888 570 917 602">
     <span class='ocr_line' id='line_1_47' title="bbox 888 570 917 602; baseline 0.034 -1"><span class='ocrx_word' id='word_1_140' title='bbox 888 570 917 602; x_wconf 83' lang='lat'><strong>3.</strong></span> 
     </span>
    </p>
   </div>
   <div class='ocr_carea' id='block_1_16' title="bbox 945 237 1482 550">
    <p class='ocr_par' dir='ltr' id='par_1_24' title="bbox 945 237 1482 550">
     <span class='ocr_line' id='line_1_48' title="bbox 947 237 1345 277; baseline -0.005 -9"><span class='ocrx_word' id='word_1_141' title='bbox 947 237 1073 268; x_wconf 78' lang='lat' dir='ltr'><strong>Gaudet</strong></span> <span class='ocrx_word' id='word_1_142' title='bbox 1095 246 1174 277; x_wconf 77' lang='lat' dir='ltr'><strong>puer</strong></span> <span class='ocrx_word' id='word_1_143' title='bbox 1197 237 1231 267; x_wconf 87' lang='lat' dir='ltr'><strong>in</strong></span> <span class='ocrx_word' id='word_1_144' title='bbox 1254 238 1345 267; x_wconf 79' lang='lat' dir='ltr'><strong>utero</strong></span> 
     </span>
     <span class='ocr_line' id='line_1_49' title="bbox 993 282 1466 320; baseline -0.011 -6"><span class='ocrx_word' id='word_1_145' title='bbox 993 282 1123 316; x_wconf 87' lang='lat' dir='ltr'><strong>Clausus</strong></span> <span class='ocrx_word' id='word_1_146' title='bbox 1150 283 1274 314; x_wconf 82' lang='lat' dir='ltr'><strong>Christo</strong></span> <span class='ocrx_word' id='word_1_147' title='bbox 1300 282 1466 320; x_wconf 77' lang='lat' dir='ltr'><strong>praesente</strong></span> 
     </span>
     <span class='ocr_line' id='line_1_50' title="bbox 945 327 1354 360; baseline -0.007 0"><span class='ocrx_word' id='word_1_148' title='bbox 945 329 1110 360; x_wconf 80' lang='lat' dir='ltr'><strong>Elisabeth</strong></span> <span class='ocrx_word' id='word_1_149' title='bbox 1136 327 1354 360; x_wconf 76' lang='lat' dir='ltr'><strong>Christit&#39;eram</strong></span> 
     </span>
     <span class='ocr_line' id='line_1_51' title="bbox 991 374 1401 411; baseline 0 -6"><span class='ocrx_word' id='word_1_150' title='bbox 991 374 1138 406; x_wconf 86' lang='lat' dir='ltr'><strong>Manibus</strong></span> <span class='ocrx_word' id='word_1_151' title='bbox 1165 374 1401 411; x_wconf 82' lang='lat' dir='ltr'><strong>complectente.</strong></span> 
     </span>
     <span class='ocr_line' id='line_1_52' title="bbox 945 420 1357 458; baseline -0.007 -6"><span class='ocrx_word' id='word_1_152' title='bbox 945 420 1078 452; x_wconf 90' lang='lat' dir='ltr'><strong>Verbum</strong></span> <span class='ocrx_word' id='word_1_153' title='bbox 1105 420 1238 458; x_wconf 85' lang='lat' dir='ltr'><strong>protulit</strong></span> <span class='ocrx_word' id='word_1_154' title='bbox 1262 427 1357 450; x_wconf 84' lang='lat' dir='ltr'><strong>suave</strong></span> 
     </span>
     <span class='ocr_line' id='line_1_53' title="bbox 946 464 1482 505; baseline -0.009 -7"><span class='ocrx_word' id='word_1_155' title='bbox 946 467 1104 505; x_wconf 82' lang='lat' dir='ltr'><strong>Cognatae</strong></span> <span class='ocrx_word' id='word_1_156' title='bbox 1127 465 1249 496; x_wconf 84' lang='lat' dir='ltr'><strong>intrans</strong></span> <span class='ocrx_word' id='word_1_157' title='bbox 1273 465 1306 495; x_wconf 92' lang='lat' dir='ltr'><strong>in</strong></span> <span class='ocrx_word' id='word_1_158' title='bbox 1332 464 1482 495; x_wconf 86' lang='lat' dir='ltr'><strong>conclave</strong></span> 
     </span>
     <span class='ocr_line' id='line_1_54' title="bbox 993 509 1348 550; baseline -0.003 -7"><span class='ocrx_word' id='word_1_159' title='bbox 993 512 1129 550; x_wconf 85' lang='lat' dir='ltr'><strong>Superni</strong></span> <span class='ocrx_word' id='word_1_160' title='bbox 1155 513 1256 542; x_wconf 85' lang='lat' dir='ltr'><strong>mater</strong></span> <span class='ocrx_word' id='word_1_161' title='bbox 1280 509 1348 542; x_wconf 85' lang='lat' dir='ltr'><strong>filii.</strong></span> 
     </span>
    </p>
   </div>
   <div class='ocr_carea' id='block_1_17' title="bbox 943 566 1494 1027">
    <p class='ocr_par' dir='ltr' id='par_1_25' title="bbox 946 566 1457 606">
     <span class='ocr_line' id='line_1_55' title="bbox 946 566 1457 606; baseline -0.01 -6"><span class='ocrx_word' id='word_1_162' title='bbox 946 569 1013 600; x_wconf 84' lang='lat' dir='ltr'><strong>Vox</strong></span> <span class='ocrx_word' id='word_1_163' title='bbox 1037 567 1182 606; x_wconf 84' lang='lat' dir='ltr'><strong>implevit</strong></span> <span class='ocrx_word' id='word_1_164' title='bbox 1206 566 1286 599; x_wconf 87' lang='lat' dir='ltr'><strong>vatis</strong></span> <span class='ocrx_word' id='word_1_165' title='bbox 1311 567 1457 603; x_wconf 85' lang='lat' dir='ltr'><strong>mentem,</strong></span> 
     </span>
    </p>

    <p class='ocr_par' dir='ltr' id='par_1_26' title="bbox 944 613 1405 652">
     <span class='ocr_line' id='line_1_56' title="bbox 944 613 1405 652; baseline -0.011 -5"><span class='ocrx_word' id='word_1_166' title='bbox 944 615 1083 647; x_wconf 80' lang='lat' dir='ltr'><strong>Mentem</strong></span> <span class='ocrx_word' id='word_1_167' title='bbox 1107 615 1212 645; x_wconf 87' lang='lat' dir='ltr'><strong>lumen</strong></span> <span class='ocrx_word' id='word_1_168' title='bbox 1237 613 1405 652; x_wconf 83' lang='lat' dir='ltr'><strong>sitientem,</strong></span> 
     </span>
    </p>

    <p class='ocr_par' dir='ltr' id='par_1_27' title="bbox 946 662 1494 747">
     <span class='ocr_line' id='line_1_57' title="bbox 946 662 1494 700; baseline -0.009 -6"><span class='ocrx_word' id='word_1_169' title='bbox 946 662 1088 694; x_wconf 83' lang='lat' dir='ltr'><strong>Christus</strong></span> <span class='ocrx_word' id='word_1_170' title='bbox 1110 669 1145 692; x_wconf 88' lang='lat' dir='ltr'><strong>se</strong></span> <span class='ocrx_word' id='word_1_171' title='bbox 1160 668 1280 700; x_wconf 75' lang='lat' dir='ltr'><strong>ponens</strong></span> <span class='ocrx_word' id='word_1_172' title='bbox 1296 662 1494 699; x_wconf 76' lang='lat' dir='ltr'><strong>praesentem</strong></span> 
     </span>
     <span class='ocr_line' id='line_1_58' title="bbox 993 707 1306 747; baseline -0.01 -8"><span class='ocrx_word' id='word_1_173' title='bbox 993 708 1055 744; x_wconf 89' lang='grc'><strong>1111,</strong></span> <span class='ocrx_word' id='word_1_174' title='bbox 1081 708 1128 739; x_wconf 88' lang='lat' dir='ltr'><strong>sol</strong></span> <span class='ocrx_word' id='word_1_175' title='bbox 1147 707 1306 747; x_wconf 76' lang='lat' dir='ltr'><strong>Justitiae3</strong></span> 
     </span>
    </p>

    <p class='ocr_par' dir='ltr' id='par_1_28' title="bbox 947 754 1459 787">
     <span class='ocr_line' id='line_1_59' title="bbox 947 754 1459 787; baseline -0.008 0"><span class='ocrx_word' id='word_1_176' title='bbox 947 756 1068 787; x_wconf 85' lang='lat' dir='ltr'><strong>Matres</strong></span> <span class='ocrx_word' id='word_1_177' title='bbox 1092 755 1250 787; x_wconf 86' lang='lat' dir='ltr'><strong>laetantur</strong></span> <span class='ocrx_word' id='word_1_178' title='bbox 1278 754 1317 785; x_wconf 88' lang='lat' dir='ltr'><strong>ad</strong></span> <span class='ocrx_word' id='word_1_179' title='bbox 1341 755 1459 784; x_wconf 86' lang='lat' dir='ltr'><strong>tactum</strong></span> 
     </span>
    </p>

    <p class='ocr_par' dir='ltr' id='par_1_29' title="bbox 947 802 1445 881">
     <span class='ocr_line' id='line_1_60' title="bbox 947 802 1445 839; baseline -0.006 -6"><span class='ocrx_word' id='word_1_180' title='bbox 947 802 1095 833; x_wconf 87' lang='lat' dir='ltr'><strong>Divinum</strong></span> <span class='ocrx_word' id='word_1_181' title='bbox 1121 803 1293 832; x_wconf 79' lang='lat' dir='ltr'><strong>tractantes</strong></span> <span class='ocrx_word' id='word_1_182' title='bbox 1319 803 1445 839; x_wconf 83' lang='lat' dir='ltr'><strong>pactum</strong></span> 
     </span>
     <span class='ocr_line' id='line_1_61' title="bbox 991 848 1246 881; baseline -0.008 -1"><span class='ocrx_word' id='word_1_183' title='bbox 991 848 1246 881; x_wconf 75' lang='lat' dir='ltr'><strong>salutationibus.</strong></span> 
     </span>
    </p>

    <p class='ocr_par' dir='ltr' id='par_1_30' title="bbox 943 893 1428 936">
     <span class='ocr_line' id='line_1_62' title="bbox 943 893 1428 936; baseline -0.008 -9"><span class='ocrx_word' id='word_1_184' title='bbox 943 896 1043 936; x_wconf 82' lang='lat' dir='ltr'><strong>Virga</strong></span> <span class='ocrx_word' id='word_1_185' title='bbox 1068 895 1152 926; x_wconf 88' lang='lat' dir='ltr'><strong>sicca</strong></span> <span class='ocrx_word' id='word_1_186' title='bbox 1175 901 1301 934; x_wconf 84' lang='lat' dir='ltr'><strong>germen</strong></span> <span class='ocrx_word' id='word_1_187' title='bbox 1329 893 1428 933; x_wconf 81' lang='lat' dir='ltr'><strong>dedit,</strong></span> 
     </span>
    </p>

    <p class='ocr_par' dir='ltr' id='par_1_31' title="bbox 945 940 1413 1027">
     <span class='ocr_line' id='line_1_63' title="bbox 945 940 1413 983; baseline -0.004 -11"><span class='ocrx_word' id='word_1_188' title='bbox 945 942 1040 983; x_wconf 84' lang='lat' dir='ltr'><strong>Virgo</strong></span> <span class='ocrx_word' id='word_1_189' title='bbox 1065 942 1175 981; x_wconf 82' lang='lat' dir='ltr'><strong>angelo</strong></span> <span class='ocrx_word' id='word_1_190' title='bbox 1202 942 1274 973; x_wconf 85' lang='lat' dir='ltr'><strong>dum</strong></span> <span class='ocrx_word' id='word_1_191' title='bbox 1301 940 1413 978; x_wconf 87' lang='lat' dir='ltr'><strong>credit,</strong></span> 
     </span>
     <span class='ocr_line' id='line_1_64' title="bbox 988 987 1348 1027; baseline -0.008 -7"><span class='ocrx_word' id='word_1_192' title='bbox 988 987 1093 1020; x_wconf 87' lang='lat' dir='ltr'><strong>Maria</strong></span> <span class='ocrx_word' id='word_1_193' title='bbox 1118 989 1212 1027; x_wconf 85' lang='lat' dir='ltr'><strong>plena</strong></span> <span class='ocrx_word' id='word_1_194' title='bbox 1236 987 1348 1026; x_wconf 79' lang='lat' dir='ltr'><strong>gratia.</strong></span> 
     </span>
    </p>
   </div>
   <div class='ocr_carea' id='block_1_18' title="bbox 1005 1090 1364 1124">
    <p class='ocr_par' dir='ltr' id='par_1_32' title="bbox 1005 1090 1364 1124">
     <span class='ocr_line' id='line_1_65' title="bbox 1005 1090 1364 1124; baseline -0.006 0"><span class='ocrx_word' id='word_1_195' title='bbox 1005 1091 1050 1124; x_wconf 85' lang='lat' dir='ltr'><strong>Iu</strong></span> <span class='ocrx_word' id='word_1_196' title='bbox 1076 1093 1107 1123; x_wconf 83' lang='lat'><strong>2.</strong></span> <span class='ocrx_word' id='word_1_197' title='bbox 1134 1090 1191 1122; x_wconf 83' lang='lat' dir='ltr'><strong>No</strong></span> <span class='ocrx_word' id='word_1_198' title='bbox 1204 1093 1269 1121; x_wconf 89' lang='lat' dir='ltr'><strong>ctu</strong></span> <span class='ocrx_word' id='word_1_199' title='bbox 1280 1100 1324 1121; x_wconf 86' lang='lat' dir='ltr'><strong>rn</strong></span> <span class='ocrx_word' id='word_1_200' title='bbox 1336 1099 1364 1123; x_wconf 84' lang='grc' dir='ltr'><strong>ο.</strong></span> 
     </span>
    </p>
   </div>
   <div class='ocr_carea' id='block_1_19' title="bbox 1094 1165 1287 1201">
    <p class='ocr_par' dir='ltr' id='par_1_33' title="bbox 1094 1165 1287 1201">
     <span class='ocr_line' id='line_1_66' title="bbox 1094 1165 1287 1201; baseline -0.01 -9"><span class='ocrx_word' id='word_1_201' title='bbox 1094 1165 1287 1201; x_wconf 85' lang='lat' dir='ltr'><strong>Antiphonae.</strong></span> 
     </span>
    </p>
   </div>
   <div class='ocr_carea' id='block_1_20' title="bbox 945 1220 1491 1393">
    <p class='ocr_par' dir='ltr' id='par_1_34' title="bbox 945 1220 1491 1393">
     <span class='ocr_line' id='line_1_67' title="bbox 945 1220 1373 1259; baseline -0.007 -5"><span class='ocrx_word' id='word_1_202' title='bbox 945 1221 1055 1254; x_wconf 77' lang='lat' dir='ltr'><strong>Col-dis</strong></span> <span class='ocrx_word' id='word_1_203' title='bbox 1082 1224 1208 1252; x_wconf 82' lang='lat' dir='ltr'><strong>cantent</strong></span> <span class='ocrx_word' id='word_1_204' title='bbox 1233 1220 1373 1259; x_wconf 89' lang='lat' dir='ltr'><strong>tripudio</strong></span> 
     </span>
     <span class='ocr_line' id='line_1_68' title="bbox 993 1267 1386 1300; baseline -0.005 -1"><span class='ocrx_word' id='word_1_205' title='bbox 993 1268 1085 1300; x_wconf 83' lang='lat' dir='ltr'><strong>chori</strong></span> <span class='ocrx_word' id='word_1_206' title='bbox 1110 1268 1162 1298; x_wconf 89' lang='lat' dir='ltr'><strong>hic</strong></span> <span class='ocrx_word' id='word_1_207' title='bbox 1186 1267 1386 1298; x_wconf 84' lang='lat' dir='ltr'><strong>militantium</strong></span> 
     </span>
     <span class='ocr_line' id='line_1_69' title="bbox 945 1314 1349 1353; baseline -0.007 -6"><span class='ocrx_word' id='word_1_208' title='bbox 945 1315 1078 1347; x_wconf 81' lang='lat' dir='ltr'><strong>Carmen</strong></span> <span class='ocrx_word' id='word_1_209' title='bbox 1099 1317 1173 1345; x_wconf 82' lang='lat' dir='ltr'><strong>nato</strong></span> <span class='ocrx_word' id='word_1_210' title='bbox 1197 1314 1349 1353; x_wconf 80' lang='lat' dir='ltr'><strong>virgineo,</strong></span> 
     </span>
     <span class='ocr_line' id='line_1_70' title="bbox 991 1360 1491 1393; baseline -0.006 -1"><span class='ocrx_word' id='word_1_211' title='bbox 991 1360 1073 1393; x_wconf 87' lang='lat' dir='ltr'><strong>Nam</strong></span> <span class='ocrx_word' id='word_1_212' title='bbox 1090 1364 1178 1392; x_wconf 80' lang='lat' dir='ltr'><strong>vates</strong></span> <span class='ocrx_word' id='word_1_213' title='bbox 1192 1360 1302 1392; x_wconf 79' lang='lat' dir='ltr'><strong>laudat</strong></span> <span class='ocrx_word' id='word_1_214' title='bbox 1314 1360 1491 1391; x_wconf 89' lang='lat' dir='ltr'><strong>Dominum.</strong></span> 
     </span>
    </p>
   </div>
   <div class='ocr_carea' id='block_1_21' title="bbox 911 1414 1381 1449">
    <p class='ocr_par' dir='ltr' id='par_1_35' title="bbox 911 1414 1381 1449">
     <span class='ocr_line' id='line_1_71' title="bbox 911 1414 1381 1449; baseline -0.006 0"><span class='ocrx_word' id='word_1_215' title='bbox 911 1442 917 1449; x_wconf 94' lang='lat'><strong><em>.</em></strong></span> <span class='ocrx_word' id='word_1_216' title='bbox 943 1417 1079 1448; x_wconf 86' lang='lat' dir='ltr'><strong>Torrens</strong></span> <span class='ocrx_word' id='word_1_217' title='bbox 1104 1418 1219 1448; x_wconf 85' lang='lat' dir='ltr'><strong>sacrati</strong></span> <span class='ocrx_word' id='word_1_218' title='bbox 1244 1414 1381 1446; x_wconf 88' lang='lat' dir='ltr'><strong>fluminis</strong></span> 
     </span>
    </p>
   </div>
   <div class='ocr_carea' id='block_1_22' title="bbox 943 1461 1389 1596">
    <p class='ocr_par' dir='ltr' id='par_1_36' title="bbox 943 1461 1389 1596">
     <span class='ocr_line' id='line_1_72' title="bbox 991 1461 1378 1500; baseline -0.01 -3"><span class='ocrx_word' id='word_1_219' title='bbox 991 1463 1110 1497; x_wconf 89' lang='lat' dir='ltr'><strong>Urbem</strong></span> <span class='ocrx_word' id='word_1_220' title='bbox 1133 1463 1193 1495; x_wconf 91' lang='lat' dir='ltr'><strong>Dei</strong></span> <span class='ocrx_word' id='word_1_221' title='bbox 1218 1461 1378 1500; x_wconf 83' lang='lat' dir='ltr'><strong>laetificat,</strong></span> 
     </span>
     <span class='ocr_line' id='line_1_73' title="bbox 943 1510 1359 1542; baseline -0.007 0"><span class='ocrx_word' id='word_1_222' title='bbox 943 1510 1047 1542; x_wconf 83' lang='lat' dir='ltr'><strong>Maria</strong></span> <span class='ocrx_word' id='word_1_223' title='bbox 1072 1511 1144 1541; x_wconf 90' lang='lat' dir='ltr'><strong>dum</strong></span> <span class='ocrx_word' id='word_1_224' title='bbox 1170 1511 1201 1542; x_wconf 94' lang='lat' dir='ltr'><strong>vi</strong></span> <span class='ocrx_word' id='word_1_225' title='bbox 1224 1510 1359 1541; x_wconf 86' lang='lat' dir='ltr'><strong>numinis</strong></span> 
     </span>
     <span class='ocr_line' id='line_1_74' title="bbox 995 1555 1389 1596; baseline -0.005 -8"><span class='ocrx_word' id='word_1_226' title='bbox 995 1558 1056 1589; x_wconf 85' lang='lat' dir='ltr'><strong>Ore</strong></span> <span class='ocrx_word' id='word_1_227' title='bbox 1076 1556 1177 1588; x_wconf 90' lang='lat' dir='ltr'><strong>Deum</strong></span> <span class='ocrx_word' id='word_1_228' title='bbox 1202 1555 1389 1596; x_wconf 85' lang='lat' dir='ltr'><strong>magnificat.</strong></span> 
     </span>
    </p>
   </div>
   <div class='ocr_carea' id='block_1_23' title="bbox 947 1610 1493 1791">
    <p class='ocr_par' dir='ltr' id='par_1_37' title="bbox 947 1610 1493 1698">
     <span class='ocr_line' id='line_1_75' title="bbox 947 1610 1386 1644; baseline -0.002 0"><span class='ocrx_word' id='word_1_229' title='bbox 947 1612 1085 1644; x_wconf 87' lang='lat' dir='ltr'><strong>Mundus</strong></span> <span class='ocrx_word' id='word_1_230' title='bbox 1111 1613 1249 1643; x_wconf 78' lang='lat' dir='ltr'><strong>exsultat</strong></span> <span class='ocrx_word' id='word_1_231' title='bbox 1272 1610 1386 1643; x_wconf 88' lang='lat' dir='ltr'><strong>flebilis</strong></span> 
     </span>
     <span class='ocr_line' id='line_1_76' title="bbox 995 1658 1493 1698; baseline 0.002 -8"><span class='ocrx_word' id='word_1_232' title='bbox 995 1659 1119 1690; x_wconf 87' lang='lat' dir='ltr'><strong>Laudes</strong></span> <span class='ocrx_word' id='word_1_233' title='bbox 1143 1658 1327 1698; x_wconf 81' lang='lat' dir='ltr'><strong>persolvens</strong></span> <span class='ocrx_word' id='word_1_234' title='bbox 1348 1659 1493 1697; x_wconf 83' lang='lat' dir='ltr'><strong>Domine,</strong></span> 
     </span>
    </p>

    <p class='ocr_par' dir='ltr' id='par_1_38' title="bbox 951 1706 1427 1791">
     <span class='ocr_line' id='line_1_77' title="bbox 951 1706 1427 1746; baseline 0.002 -9"><span class='ocrx_word' id='word_1_235' title='bbox 951 1706 1050 1737; x_wconf 87' lang='lat' dir='ltr'><strong>Alvus</strong></span> <span class='ocrx_word' id='word_1_236' title='bbox 1077 1706 1149 1737; x_wconf 90' lang='lat' dir='ltr'><strong>dum</strong></span> <span class='ocrx_word' id='word_1_237' title='bbox 1174 1708 1273 1737; x_wconf 89' lang='lat' dir='ltr'><strong>tumet</strong></span> <span class='ocrx_word' id='word_1_238' title='bbox 1297 1706 1427 1746; x_wconf 87' lang='lat' dir='ltr'><strong>virginis</strong></span> 
     </span>
     <span class='ocr_line' id='line_1_78' title="bbox 994 1752 1324 1791; baseline 0 -7"><span class='ocrx_word' id='word_1_239' title='bbox 994 1752 1068 1784; x_wconf 83' lang='lat' dir='ltr'><strong>Sine</strong></span> <span class='ocrx_word' id='word_1_240' title='bbox 1091 1753 1153 1783; x_wconf 86' lang='lat' dir='ltr'><strong>viri</strong></span> <span class='ocrx_word' id='word_1_241' title='bbox 1170 1752 1324 1791; x_wconf 77' lang='lat' dir='ltr'><strong>contagio.</strong></span> 
     </span>
    </p>
   </div>
   <div class='ocr_carea' id='block_1_24' title="bbox 1083 1831 1288 1865">
    <p class='ocr_par' dir='ltr' id='par_1_39' title="bbox 1083 1831 1288 1865">
     <span class='ocr_line' id='line_1_79' title="bbox 1083 1831 1288 1865; baseline -0.005 -8"><span class='ocrx_word' id='word_1_242' title='bbox 1083 1831 1288 1865; x_wconf 84' lang='lat' dir='ltr'><strong>Responsoria.</strong></span> 
     </span>
    </p>
   </div>
   <div class='ocr_carea' id='block_1_25' title="bbox 914 1882 1368 1923">
    <p class='ocr_par' dir='ltr' id='par_1_40' title="bbox 914 1882 1368 1923">
     <span class='ocr_line' id='line_1_80' title="bbox 914 1882 1368 1923; baseline -0.004 -7"><span class='ocrx_word' id='word_1_243' title='bbox 914 1910 920 1916; x_wconf 94' lang='lat'><strong><em>.</em></strong></span> <span class='ocrx_word' id='word_1_244' title='bbox 949 1883 1146 1914; x_wconf 81' lang='lat' dir='ltr'><strong>Concurrunt</strong></span> <span class='ocrx_word' id='word_1_245' title='bbox 1169 1882 1251 1914; x_wconf 88' lang='lat' dir='ltr'><strong>sacri</strong></span> <span class='ocrx_word' id='word_1_246' title='bbox 1275 1884 1368 1923; x_wconf 79' lang='lat' dir='ltr'><strong>uteri,</strong></span> 
     </span>
    </p>
   </div>
   <div class='ocr_carea' id='block_1_26' title="bbox 947 1929 1403 2154">
    <p class='ocr_par' dir='ltr' id='par_1_41' title="bbox 947 1929 1403 2154">
     <span class='ocr_line' id='line_1_81' title="bbox 948 1929 1361 1962; baseline 0.005 -2"><span class='ocrx_word' id='word_1_247' title='bbox 948 1929 1057 1960; x_wconf 87' lang='lat' dir='ltr'><strong>Laude</strong></span> <span class='ocrx_word' id='word_1_248' title='bbox 1082 1929 1218 1961; x_wconf 84' lang='lat' dir='ltr'><strong>exsultat</strong></span> <span class='ocrx_word' id='word_1_249' title='bbox 1244 1929 1361 1962; x_wconf 87' lang='lat' dir='ltr'><strong>celebri</strong></span> 
     </span>
     <span class='ocr_line' id='line_1_82' title="bbox 949 1976 1378 2015; baseline -0.002 -6"><span class='ocrx_word' id='word_1_250' title='bbox 949 1976 1108 2009; x_wconf 64' lang='lat' dir='ltr'><strong>{lohannes</strong></span> <span class='ocrx_word' id='word_1_251' title='bbox 1135 1976 1174 2006; x_wconf 78' lang='lat' dir='ltr'><strong>(le</strong></span> <span class='ocrx_word' id='word_1_252' title='bbox 1197 1978 1378 2015; x_wconf 83' lang='lat' dir='ltr'><strong>praesentia</strong></span> 
     </span>
     <span class='ocr_line' id='line_1_83' title="bbox 948 2022 1376 2063; baseline 0.002 -9"><span class='ocrx_word' id='word_1_253' title='bbox 948 2022 1053 2062; x_wconf 80' lang='lat' dir='ltr'><strong>Regis,</strong></span> <span class='ocrx_word' id='word_1_254' title='bbox 1079 2023 1131 2061; x_wconf 88' lang='lat' dir='ltr'><strong>qui</strong></span> <span class='ocrx_word' id='word_1_255' title='bbox 1155 2022 1232 2053; x_wconf 74' lang='lat' dir='ltr'><strong>fecit,</strong></span> <span class='ocrx_word' id='word_1_256' title='bbox 1256 2024 1376 2063; x_wconf 76' lang='lat' dir='ltr'><strong>omnia3</strong></span> 
     </span>
     <span class='ocr_line' id='line_1_84' title="bbox 947 2069 1377 2107; baseline 0.002 -7"><span class='ocrx_word' id='word_1_257' title='bbox 947 2069 1083 2100; x_wconf 86' lang='lat' dir='ltr'><strong>Verbum</strong></span> <span class='ocrx_word' id='word_1_258' title='bbox 1107 2070 1208 2107; x_wconf 80' lang='lat' dir='ltr'><strong>patris</strong></span> <span class='ocrx_word' id='word_1_259' title='bbox 1232 2069 1377 2101; x_wconf 84' lang='lat' dir='ltr'><strong>altissimi</strong></span> 
     </span>
     <span class='ocr_line' id='line_1_85' title="bbox 947 2116 1403 2154; baseline 0.007 -7"><span class='ocrx_word' id='word_1_260' title='bbox 947 2116 1086 2147; x_wconf 88' lang='lat' dir='ltr'><strong>Mentem</strong></span> <span class='ocrx_word' id='word_1_261' title='bbox 1111 2116 1251 2154; x_wconf 87' lang='lat' dir='ltr'><strong>implevit</strong></span> <span class='ocrx_word' id='word_1_262' title='bbox 1277 2118 1403 2151; x_wconf 86' lang='lat' dir='ltr'><strong>servuli.</strong></span> 
     </span>
    </p>
   </div>
   <div class='ocr_carea' id='block_1_27' title="bbox 946 2171 1394 2445">
    <p class='ocr_par' dir='ltr' id='par_1_42' title="bbox 946 2171 1394 2445">
     <span class='ocr_line' id='line_1_86' title="bbox 946 2171 1364 2213; baseline 0.007 -12"><span class='ocrx_word' id='word_1_263' title='bbox 946 2171 1094 2202; x_wconf 82' lang='lat' dir='ltr'><strong>Miranda</strong></span> <span class='ocrx_word' id='word_1_264' title='bbox 1120 2172 1204 2203; x_wconf 89' lang='lat' dir='ltr'><strong>omni</strong></span> <span class='ocrx_word' id='word_1_265' title='bbox 1227 2174 1364 2213; x_wconf 83' lang='lat' dir='ltr'><strong>saeculo,</strong></span> 
     </span>
     <span class='ocr_line' id='line_1_87' title="bbox 949 2218 1394 2260; baseline 0.009 -12"><span class='ocrx_word' id='word_1_266' title='bbox 949 2218 1111 2257; x_wconf 84' lang='lat' dir='ltr'><strong>Stupcnda</strong></span> <span class='ocrx_word' id='word_1_267' title='bbox 1133 2227 1254 2258; x_wconf 86' lang='lat' dir='ltr'><strong>quoque</strong></span> <span class='ocrx_word' id='word_1_268' title='bbox 1278 2221 1394 2260; x_wconf 86' lang='lat' dir='ltr'><strong>populo</strong></span> 
     </span>
     <span class='ocr_line' id='line_1_88' title="bbox 950 2264 1313 2306; baseline 0.008 -11"><span class='ocrx_word' id='word_1_269' title='bbox 950 2264 1144 2296; x_wconf 86' lang='lat' dir='ltr'><strong>Conveniunt</strong></span> <span class='ocrx_word' id='word_1_270' title='bbox 1168 2266 1313 2306; x_wconf 76' lang='lat' dir='ltr'><strong>insignia.</strong></span> 
     </span>
     <span class='ocr_line' id='line_1_89' title="bbox 950 2310 1358 2346; baseline 0.01 -4"><span class='ocrx_word' id='word_1_271' title='bbox 950 2311 1029 2342; x_wconf 90' lang='lat' dir='ltr'><strong>Dum</strong></span> <span class='ocrx_word' id='word_1_272' title='bbox 1054 2310 1159 2343; x_wconf 85' lang='lat' dir='ltr'><strong>Maria</strong></span> <span class='ocrx_word' id='word_1_273' title='bbox 1183 2313 1358 2346; x_wconf 88' lang='lat' dir='ltr'><strong>humillima</strong></span> 
     </span>
     <span class='ocr_line' id='line_1_90' title="bbox 947 2359 1378 2403; baseline 0.007 -13"><span class='ocrx_word' id='word_1_274' title='bbox 947 2359 1037 2390; x_wconf 86' lang='lat' dir='ltr'><strong>Vatis</strong></span> <span class='ocrx_word' id='word_1_275' title='bbox 1062 2362 1194 2390; x_wconf 86' lang='lat' dir='ltr'><strong>matrem</strong></span> <span class='ocrx_word' id='word_1_276' title='bbox 1218 2360 1378 2403; x_wconf 79' lang='lat' dir='ltr'><strong>laetificat,</strong></span> 
     </span>
     <span class='ocr_line' id='line_1_91' title="bbox 949 2404 1310 2445; baseline 0.017 -9"><span class='ocrx_word' id='word_1_277' title='bbox 949 2404 991 2437; x_wconf 81' lang='lat' dir='ltr'><strong>Se</strong></span> <span class='ocrx_word' id='word_1_278' title='bbox 1013 2406 1115 2445; x_wconf 78' lang='lat' dir='ltr'><strong>ipsam</strong></span> <span class='ocrx_word' id='word_1_279' title='bbox 1139 2406 1310 2443; x_wconf 82' lang='lat' dir='ltr'><strong>beatificat.</strong></span> 
     </span>
    </p>
   </div>
  </div>
 </body>
</html>
