1652 2615
730 138 773 143 —··
823 133 890 153 413
937 139 985 148 —-·

228 214 258 246 2.
284 213 387 245 Adest
410 212 462 244 hic
486 213 641 253 Israelita,

286 260 343 292 Cui
368 259 509 293 Christus
535 258 595 291 fuit
618 260 683 291 vita

332 306 460 344 Optanti
489 306 644 345 caelestia,

282 352 399 384 Mentis
425 352 522 384 visum
545 352 669 383 Christo
692 351 771 390 fixit,

283 399 412 430 Carnem
438 399 553 430 mundo
580 397 732 429 crucifixit

329 447 492 484 Respuens
517 445 696 483 terrestria3

244 516 251 523 .
281 492 438 524 Christum
456 499 561 523 amans
579 494 691 522 cuncta
707 490 827 530 sprevit

328 538 440 570 Mundi
466 539 708 577 circumstantia,

282 585 393 617 Semen
416 585 476 616 Dei
500 593 624 624 semper
644 585 726 616 sevit

329 633 403 665 Cum
428 632 671 671 perseverantia.

227 701 257 731 ¹.
283 697 365 729 Dum
389 701 521 729 intraret
546 697 654 729 urbem
678 696 770 738 regis,

330 744 435 776 Primo
459 747 569 783 portae
592 745 691 776 limite

282 791 420 823 Turbam
445 791 526 822 vidit
550 791 597 822 sui
616 792 718 831 gregis

328 839 472 870 Pressam
497 838 699 880 aegritudine,

285 886 380 924 Quam
406 885 529 916 sanavit
552 885 633 916 lator
656 885 733 926 legis

326 932 401 963 Jesu
426 930 543 963 Christi
567 932 706 972 nomine;

247 1002 254 1009 .
281 978 369 1009 Tunc
395 977 515 1009 athleta
538 977 656 1010 Christi
680 978 779 1010 fretus

330 1024 410 1056 Divo
437 1025 642 1056 medicamine

288 1071 407 1102 Tristes
430 1071 518 1102 urbis
542 1072 634 1103 tersit
657 1071 745 1103 fietus

330 1117 387 1149 Pio
413 1118 629 1151 consolamine.

251 1208 258 1215 .
286 1182 395 1215 Gaude
423 1191 547 1222 semper
569 1185 600 1214 et
621 1184 750 1223 laetare,

331 1228 415 1262 Urbs
440 1230 605 1268 praeclara
629 1230 746 1270 Padua,

282 1276 407 1307 Almum
432 1278 552 1314 patrem
580 1276 751 1315 deprecare

330 1322 404 1353 Cum
429 1331 523 1360 prece
548 1323 683 1356 assidua,

280 1368 324 1399 Ut
348 1376 407 1406 per
430 1368 531 1406 ipsum
557 1377 696 1399 mereare

327 1413 418 1444 Dona
443 1414 521 1445 caeli
546 1414 655 1454 ardua,

240 1484 247 1491 .
279 1459 336 1492 Cui
360 1459 437 1490 nihil
462 1460 494 1490 in
520 1460 578 1491 hac
604 1461 669 1491 vita

279 1505 408 1537 Gratum
435 1509 519 1537 certe
543 1504 604 1536 fuit
626 1507 670 1538 ita

323 1553 420 1590 Quam
445 1554 500 1584 tua
525 1553 659 1586 devotio.

337 1673 382 1705 In
409 1674 439 1705 2.
466 1673 694 1709 Nocturno.

414 1747 608 1784 Antiphonae.

239 1831 245 1836 .
275 1805 411 1837 Verbum
438 1806 521 1838 vitae
545 1809 727 1850 cognovisti,

322 1852 439 1884 Civitas
466 1854 640 1895 Vincentia,

274 1898 356 1929 Nam
380 1907 439 1938 per
462 1900 554 1932 istum
582 1902 716 1941 effugisti

319 1945 453 1977 Animae
481 1948 635 1981 nocentia.

240 2032 247 2040 .
275 2007 407 2039 Sanctus
431 2010 491 2041 Dei
513 2014 699 2052 expurgavit

321 2054 424 2092 Regni
449 2060 561 2089 cuncta
582 2058 678 2099 idola,

273 2099 411 2130 Verbum
436 2100 496 2131 Dei
522 2104 688 2136 seminavit

322 2145 453 2185 Sapiens
478 2148 625 2186 agricola.

240 2235 246 2242 .
275 2210 398 2242 Cultum
422 2211 484 2242 Dei
507 2215 694 2253 propagavit

319 2256 421 2295 Regni
443 2266 502 2295 per
527 2258 669 2297 confinia,

276 2302 410 2342 Gregem
437 2305 568 2336 multum
593 2307 774 2346 aggregavit

324 2348 441 2381 Christi
466 2350 505 2383 ad
531 2351 636 2384 ovilia.

897 216 927 247 4.
956 215 1031 247 Cum
1058 214 1184 247 fecisset
1210 218 1332 257 siguum
1358 216 1458 248 crucis

1002 261 1104 301 Super
1129 271 1241 294 caecae
1265 264 1381 303 oculos,

952 306 1131 340 Introducit
1155 308 1289 341 formam
1313 310 1392 340 lucis

1001 354 1214 394 Respuentem
1240 355 1378 387 baculos.

898 410 926 438 f.
955 408 1098 440 Mulieris
1122 418 1248 440 manum
1270 410 1352 440 rexit

999 455 1116 486 Beatus
1143 455 1374 495 Prosdocimus‚

953 501 1059 540 Ipsam
1083 509 1191 532 sanam
1217 510 1340 533 sursum
1365 502 1452 533 vexit

999 547 1130 580 Praesul
1157 548 1385 580 devotissimus.

907 607 927 635 ‘.
954 602 1071 635 Mulier
1099 607 1176 635 tunc
1200 605 1407 637 exclamavit:

1000 652 1089 684 Unus
1115 653 1163 682 est
1187 651 1367 694 altissimus,

952 698 1014 729 Per
1039 707 1130 737 quem
1155 699 1255 730 solum
1281 707 1331 730 me
1355 700 1481 731 sanavit

998 745 1114 777 Beatus
1140 745 1371 780 Prosdocimus.

1083 829 1287 863 Responsoria.

918 922 924 929 .
950 895 1079 927 Intuens
1105 895 1338 935 Pmsdochnus,

998 942 1137 974 Turbam
1161 942 1368 986 infirmorum,

950 988 1070 1020 Flectit
1097 992 1207 1021 sancta
1230 999 1332 1031 genua

998 1045 1055 1075 pro
1083 1036 1185 1068 salute
1209 1038 1330 1077 horum,

951 1084 1049 1121 Quem
1078 1084 1207 1114 exaudit
1229 1085 1332 1123 pietas

999 1129 1127 1161 Domini
1150 1131 1305 1172 polorum,

951 1175 1084 1207 Diluens
1110 1178 1254 1217 contagia

1001 1231 1165 1262 corporum
1197 1228 1229 1255 et
1252 1234 1383 1258 morum.

914 1294 921 1300 .
953 1268 1111 1301 Christum
1136 1270 1217 1309 petit
1242 1281 1306 1314 ore,
1334 1278 1438 1306 mente

1000 1317 1062 1347 Pro
1087 1317 1197 1348 salutis
1222 1320 1335 1360 gratia,

952 1361 1030 1393 Orat
1051 1363 1155 1401 ipsum
1183 1367 1215 1395 et
1237 1366 1368 1404 intente,

999 1408 1044 1440 Ut
1072 1410 1208 1449 repellat
1232 1412 1318 1443 vitia.

919 1489 926 1496 .
954 1463 1011 1494 Vir
1035 1464 1145 1496 beatus
1172 1474 1241 1497 cum
1266 1468 1399 1500 intravit

999 1510 1131 1550 Regium
1157 1512 1343 1555 cubiculum,

954 1555 1071 1589 Sordes
1098 1562 1225 1591 cunctas
1251 1561 1392 1602 expiavit

1002 1605 1112 1637 Crucis
1136 1614 1195 1645 per
1220 1608 1432 1652 signaculum3

953 1650 1022 1682 Rex
1049 1652 1179 1685 devotus
1205 1654 1354 1696 effugavit

999 1699 1098 1731 Omne
1123 1699 1343 1735 offendiculum

954 1746 1056 1785 Seque
1082 1747 1206 1780 Christo
1234 1750 1395 1784 dedicavit

997 1793 1087 1825 Pium
1110 1794 1333 1830 habitaculum.

910 1864 917 1871 .
948 1839 1096 1872 Protinus
1122 1842 1254 1882 erigitur

996 1887 1064 1918 Rex
1090 1888 1266 1921 Vitalianus

949 1933 1002 1964 Ad
1026 1935 1211 1974 asdpectum
1235 1940 1391 1976 praesulis

995 1980 1079 2012 Fore
1104 1982 1312 2019 Christianus,

915 2060 921 2068 .
949 2036 1035 2075 Rege
1060 2038 1146 2069 claro
1171 2038 1333 2078 baptizato

996 2082 1112 2122 Culpas
1137 2085 1223 2117 unda
1246 2087 1383 2128 sustulit,

948 2127 993 2158 Et
1015 2129 1108 2160 Jesus
1134 2130 1162 2159 ei
1187 2134 1297 2165 renato

995 2174 1167 2207 Sanitatem
1194 2177 1335 2218 contulit,

947 2220 1120 2253 Multitudo
1144 2221 1321 2255 admiratur

994 2267 1090 2306 Regis
1115 2266 1276 2308 beneficio,

946 2312 1125 2353 Meritoque
1149 2314 1319 2354 ampliatur

993 2359 1088 2393 Fidei
1114 2359 1249 2396 devotio,
