1652 2615
727 160 769 164 —
820 140 889 174 1-10
933 159 980 163 —

242 258 249 264 .
279 233 420 265 Juhz'late
457 233 544 275 Deo,
586 232 690 265 omnis
729 235 824 271 terra,

282 280 393 311 servito
416 280 557 311 Domino
587 280 622 310 in
646 279 778 311 laetitia.

224 355 231 365 .
247 358 255 366 .
280 335 369 367 Haec
390 338 435 366 est
461 335 609 375 visitatio,

280 382 380 412 Missa
408 389 465 419 pro
489 381 600 411 solatio

326 427 489 458 Altissimo
517 427 555 457 de
580 425 671 464 Sebo,

279 476 361 511 Quas
386 481 453 503 cum
479 471 686 503 observavero

324 519 427 550 Vitam
452 518 630 557 possidebo,

239 589 245 597 .
274 566 377 597 Notas
409 564 495 595 enim
524 564 606 595 mihi
627 565 730 604 fecisti
752 565 823 597 vias

277 612 365 645 vitae.

338 688 381 719 In
408 688 439 719 2.
466 685 691 719 Nocturno.

420 749 611 785 Antiphonae.

249 830 254 836 .
279 807 411 839 Eructat
437 808 524 847 virgo
550 808 702 846 virginum

276 854 481 894 Praegnantis
505 854 538 884 in
563 862 646 896 aure,

280 901 344 939 Quo
370 900 485 940 gaudet
509 901 675 939 praeconio

280 947 410 978 Clausus
435 947 538 977 adhuc
561 947 687 986 gremio.

243 1030 249 1036 .
276 1003 372 1040 Quam
396 1002 523 1035 verbum
550 1003 641 1041 petiit

324 1049 492 1080 altissimus
517 1049 597 1079 hane
620 1049 789 1093 benedixit,

275 1096 320 1127 Ut
343 1097 431 1136 virgo
455 1096 605 1134 templum

321 1143 363 1173 sit
386 1142 552 1174 benedicta
575 1151 673 1174 Suum.

221 1200 250 1229 ⁴.
277 1198 363 1230 Urbs
391 1198 471 1229 bone
495 1196 636 1233 fundata,

323 1253 402 1283 quae
428 1244 467 1275 de
490 1247 522 1274 te
546 1246 617 1275 sunt
642 1244 724 1276 bona
743 1246 817 1285 lata,

276 1290 321 1322 Ut
343 1291 401 1322 tibi
425 1292 498 1321 sunt
523 1291 616 1329 dicta,

320 1337 522 1376 perficientur
545 1337 599 1369 ita.

409 1410 611 1444 Responsoria.

241 1491 249 1499 .
275 1466 458 1505 Adspiciam
482 1467 625 1505 Mariam,

272 1512 465 1545 Humilitatis
490 1513 581 1554 viam,

321 1561 382 1591 Pro
408 1560 520 1591 montis
546 1562 717 1599 exemplari

321 1605 382 1638 Cur
408 1605 515 1638 differo
540 1607 654 1638 sectari
662 1609 679 1638 2³

275 1653 349 1685 Cum
375 1654 418 1684 sit.
441 1662 479 1684 ex
505 1653 596 1685 dietis
621 1661 758 1685 veterum

275 1700 376 1730 Valde
399 1698 604 1740 salutiferum,

236 1772 242 1777 .
274 1746 364 1786 (guod
395 1746 449 1778 diu
474 1756 600 1786 pomam
624 1748 758 1779 consilia
781 1749 818 1780 in

273 1793 387 1823 anima
409 1802 490 1834 mea,
517 1794 653 1825 dolerem
674 1795 711 1825 in
728 1796 820 1827 corde

272 1848 351 1872 meo.

240 1921 247 1927 .
274 1896 367 1935 Wirgo
393 1895 530 1935 ploranti

322 1943 465 1982 graditur
488 1943 601 1974 sedare
623 1952 801 1985 gravamen,

275 1989 316 2020 Se
336 1989 408 2027 quia
431 1990 617 2027 praegnanti

319 2043 381 2065 non
394 2034 474 2065 hano
486 2035 573 2074 piget
586 2038 815 2080 esseJ'uvamen,

273 2081 333 2111 His
356 2081 525 2112 innovante
544 2082 599 2121 pia

321 2128 442 2158 sinatur
466 2136 570 2159 amore
593 2129 705 2163 Maria.

233 2198 240 2205 .
270 2174 395 2205 M'mzus
428 2172 495 2212 ejus
526 2174 560 2205 ἐν
595 2176 725 2214 cophino
753 2187 814 2209 ser-

270 2220 404 2260 vierwnt,
435 2223 462 2251 et
478 2229 602 2260 pamm
627 2223 729 2255 otiosa
750 2234 818 2256 own

271 2268 415 2299 comedit.

214 2345 220 2353 ,
239 2349 246 2357 .
272 2325 416 2356 Perrexit
442 2324 482 2355 ad
505 2324 670 2363 imperium

317 2371 436 2404 Cuncta
458 2371 661 2411 gubernantis

873 2227 911 2257 V.

951 233 1047 271 Virgo
1072 233 1132 264 sub·
1155 234 1359 266 ministerium

997 279 1163 310 Elisabeth
1187 280 1400 321 praegnantis,

953 325 1033 356 Nam
1059 326 1111 364 qui
1138 328 1257 357 eunetis
1282 328 1426 365 imperat,

951 370 1040 402 Haeo
1063 371 1110 401 illi
1135 376 1350 411 praeceperat.

949 415 1040 448 Abiit
1067 419 1174 447 autem
1197 426 1270 448 eum
1293 416 1499 457 festinatione

950 463 988 493 in
1018 464 1175 493 montana
1210 463 1255 493 ad
1278 464 1409 494 domum
1431 462 1497 493 Ζα-

953 509 1090 540 οἵιανὶαα.

1014 633 1061 663 In
1087 634 1117 665 3.
1144 631 1370 664 Nocturno.

1090 704 1283 740 Antiphonae.

916 789 923 795 .
948 764 977 793 A
1003 761 1084 793 facie
1108 761 1234 793 Domini

998 809 1165 848 baptistam
1190 808 1424 845 sanctificantis,

949 855 1059 895 Ligna,
1086 855 1250 895 exsultate,

993 903 1143 933 miserere
1167 911 1238 933 nam
1264 901 1350 933 venit
1374 902 1475 940 hujus.

946 959 976 988 A
1002 957 1082 989 faeie
1110 959 1196 989 verbi

992 1014 1080 1036 mons
1098 1008 1201 1036 terrae
1218 1014 1252 1036 se
1267 1007 1369 1036 movet
1384 1004 1494 1043 omnis,

946 1051 1024 1082 Nisu
1050 1061 1109 1091 quo
1133 1052 1240 1083 valeat

992 1098 1168 1138 glorificare
1196 1098 1308 1131 Deum.

910 1177 917 1184 .
945 1155 1072 1185 Ventris
1096 1155 1129 1185 in
1154 1155 1286 1186 obscuro

992 1204 1079 1232 vates
1109 1205 1182 1232 ovat
1204 1201 1266 1232 iste
1290 1199 1396 1239 cubili,

945 1246 1026 1278 Dum
1052 1249 1149 1278 sentit
1172 1247 1349 1289 Dominum,

992 1294 1097 1333 sieque
1122 1295 1242 1326 revelat
1267 1302 1345 1325 eum.

1079 1368 1284 1402 Responsoria.

910 1449 917 1456 .
945 1425 1112 1464 Postquam
1137 1425 1262 1464 excepit

988 1471 1122 1503 Bathuel
1147 1472 1225 1503 haee
1248 1470 1315 1503 filia
1338 1471 1444 1510 pergit

942 1518 993 1549 Ad
1018 1521 1144 1557 puteum
1170 1519 1273 1550 celere

989 1565 1200 1604 gravidaeque
1224 1566 1308 1596 sitim
1331 1564 1447 1595 satiare

944 1611 1060 1643 Haurit
1083 1621 1192 1651 aquam
1219 1613 1312 1650 vitae,

992 1659 1110 1700 sitiens,
1136 1659 1247 1698 inquit,
1269 1658 1356 1690 venit
1373 1658 1413 1689 ad
1431 1667 1490 1691 me.

946 1705 1006 1746 Qui
1038 1705 1151 1737 biberit
1182 1715 1219 1737 em
1250 1713 1353 1746 aqua,
1394 1715 1489 1744 Quam

945 1761 998 1792 eqo
1039 1752 1137 1794 dabo,
1179 1753 1233 1792 fiet
1273 1753 1310 1784 in
1346 1760 1379 1783 eo
1417 1754 1491 1792 fons

945 1808 1050 1839 aquae
1104 1799 1247 1832 salientis
1303 1799 1340 1830 in
1390 1799 1491 1831 vitam

945 1850 1116 1877 aeternam.

946 1902 1040 1939 Quam
1067 1903 1224 1934 Assueias
1250 1901 1440 1942 sublimavit,

990 1948 1026 1979 In
1050 1948 1194 1982 thronum
1221 1950 1297 1981 sede
1320 1949 1398 1980 solio

943 1994 1121 2033 Majestatis
1147 1996 1314 2028 collocavit

987 2042 1132 2073 Aneillae
1156 2042 1213 2073 sub
1239 2042 1353 2081 officio,

944 2087 1066 2127 Regina-
1086 2091 1122 2119 ut
1146 2090 1343 2129 grandaevae

944 2134 1133 2174 Praegnanti
1157 2137 1266 2174 poenis
1290 2136 1378 2169 Evae

990 2180 1039 2212 Sit
1058 2185 1207 2221 prompta
1225 2183 1258 2214 in
1283 2184 1422 2218 servitio.

942 2227 1019 2267 Quis
1035 2228 1172 2271 ifflzorat,
1192 2230 1274 2269 quin.
1288 2232 1399 2264 omnia
1413 2235 1491 2270 haec

943 2284 1061 2306 mamus
1084 2275 1222 2308 Domim'
1247 2278 1379 2318 fecerit?

888 2331 918 2363 3.
946 2329 970 2361 O
996 2329 1072 2362 felix
1096 2332 1264 2376 humilitas,

991 2377 1075 2416 Quae
1100 2380 1252 2420 virginem
1276 2384 1400 2428 rigavit,
