1652 2615
212 215 246 246 4.
272 214 388 246 Trinus
415 224 493 246 unus

318 261 585 294 incommutabilis

272 308 334 339 Est
356 316 415 347 per
438 309 543 341 saecla

320 355 405 386 Deus
429 355 611 395 laudabilis,

273 402 331 440 Qui
356 403 526 441 probatum

320 457 379 488 per
408 450 593 490 patientiam

274 494 487 528 Herculanum

322 543 419 574 traxit
442 544 484 575 ad
509 544 652 583 gloriam.

215 598 245 630 5.
274 598 479 631 Collaudetur

321 645 463 678 internus
489 647 608 678 arbiter

273 692 424 724 Reddens
449 694 560 733 cuique

323 739 419 779 digna
442 740 590 782 fideliter,

272 785 407 826 Regem,
435 789 566 820 domans

320 833 456 865 vinculis
481 833 594 866 ferreis

272 879 318 910 Et
341 882 492 919 tyrannos

321 928 440 959 catenis
465 928 576 968 igneis

398 992 445 1019 Ad
463 992 645 1020 Benedictus.

201 1039 242 1070 A.
271 1039 493 1072 Praefflcanda

322 1085 439 1118 Christi
464 1087 641 1125 benignitas

272 1134 398 1166 Justum
424 1134 516 1165 duxit

321 1180 363 1211 ad
388 1187 485 1220 regna
511 1180 638 1219 caelica,

726 127 984 156 ——231—

950 216 1013 248 Ubi
1038 215 1137 253 pollet

997 265 1174 295 sanctorum
1201 262 1339 301 claritas,

950 310 1015 342 Ubi
1039 313 1151 349 regnat

995 355 1139 397 perfecta
1162 356 1290 395 veritas,

950 404 1065 435 Trinus
1089 403 1176 435 Deus

996 451 1144 489 maJ'estas
1168 451 1271 482 unica.

1012 591 1059 623 In
1085 593 1116 623 2.
1142 590 1253 630 Vesp
1266 590 1365 622 eris,

1071 692 1117 720 Ad
1136 692 1312 729 Magnificat.

913 785 920 792 .
952 760 976 791 O
1005 762 1130 790 tuorum

997 808 1100 838 custos
1120 805 1273 844 fidelium,

951 853 1141 895 Herculane,

997 902 1107 938 pastor
1139 902 1170 931 et
1196 900 1330 938 domine,

951 946 1002 978 Da
1024 946 1182 985 virtutem,

997 993 1125 1025 succide
1149 994 1269 1032 vitium,

952 1039 1052 1072 Serva
1076 1042 1146 1072 tuos

999 1086 1038 1117 ab
1065 1088 1148 1118 omni
1174 1086 1314 1127 crimine,

952 1133 999 1165 Ut
1022 1132 1183 1164 subtracto

1000 1179 1103 1210 carnis
1127 1179 1298 1219 spiramine

271 1226 365 1257 Vices
388 1226 438 1258 illi
951 1225 1160 1257 Transeamus

320 1274 499 1312 rependens
523 1273 653 1304 meritas
998 1272 1040 1303 ad
1065 1273 1149 1304 vitae
1173 1273 1331 1313 gaudium,

270 1320 315 1351 Et
339 1323 544 1359 augmentans
954 1319 1208 1359 Contemplantes

316 1376 410 1399 manu
433 1366 587 1406 mirifica,
999 1368 1122 1405 patrem
1149 1370 1180 1398 et
1202 1366 1302 1398 filium

270 1414 334 1446 Ubi
358 1414 500 1453 phalanx
953 1414 1204 1452 Gonregnantem

320 1461 460 1500 gaudens
486 1460 639 1500 angelica,
1000 1468 1069 1490 eum
1094 1470 1183 1493 sacro
1207 1459 1344 1492 fiamine.

281 1525 399 1561 Anfiph.
434 1534 486 1552 ms,
516 1526 690 1553 Perusinum
723 1532 797 1552 saec.
829 1522 873 1551 15.
923 1525 992 1552 God-
1025 1524 1117 1560 Capit.
1147 1526 1281 1553 Perusini
1314 1523 1359 1552 ¹59.
1393 1539 1430 1545 —
1462 1526 1504 1553 In

199 1562 225 1590 2.
245 1564 275 1591 N
283 1566 346 1591 oct.
374 1561 395 1588 R
423 1561 457 1597 3,
485 1561 504 1591 8
532 1563 675 1591 occubuit.
706 1578 741 1581 -—
765 1563 808 1590 In
827 1562 935 1589 Laud.
962 1563 1008 1589 Ad
1034 1562 1141 1590 Bened.
1162 1561 1198 1598 Α,
1226 1562 1243 1589 ’7
1263 1571 1305 1598 sq.
1333 1567 1503 1599 augmentas

199 1610 313 1629 manus.
344 1616 378 1619 —
404 1601 445 1629 In
469 1599 495 1628 2.
522 1602 630 1636 Vesp.
660 1600 697 1627 acl
722 1600 821 1637 Magn.
848 1599 883 1634 Α,
913 1599 930 1627 9
957 1600 1030 1628 fehlt
1055 1601 1121 1628 eine
1140 1600 1234 1629 Silbe·¹
1261 1604 1295 1627 ut
1320 1602 1445 1636 ergitnzt.

198 1640 339 1675 Hymnen
359 1639 443 1667 Anal.
463 1640 560 1672 XXII,
585 1637 638 1666 121
660 1646 702 1673 sq.

639 1729 684 1760 79.
714 1729 758 1761 De
778 1731 883 1760 saneto
904 1728 1064 1760 Januario.

954 1798 1121 1831 Debilibus
1147 1799 1288 1831 remedia

951 1845 1144 1886 Infectisque
1172 1846 1334 1886 praesidia

413 1894 610 1930 Antiphonae.
999 1893 1066 1925 Sibi
1092 1903 1196 1926 coram
1221 1893 1430 1927 adstantibus.

894 1947 923 1978 3.
953 1945 1139 1978 Constanter
1146 1946 1306 1979 Christum
1315 1946 1504 1986 praedicans

949 1993 995 2025 Et
1019 2001 1074 2025 ore
1097 2003 1255 2034 nunquam
1279 1994 1436 2033 denegans

999 2041 1149 2073 Portatur
1174 2050 1279 2073 coram
1300 2041 1460 2081 131·aeside‚

951 2088 1076 2120 Blande
1101 2098 1171 2120 eum
1196 2089 1394 2128 adhortatur,

953 2135 1016 2168 Sed
1041 2137 1153 2168 audire
1179 2136 1369 2176 dedignatur

999 2182 1111 2215 Sectae
1137 2184 1283 2223 conjungi
1307 2182 1460 2222 perfidae.

895 2236 926 2268 4.
953 2236 1086 2268 Praeses
1112 2237 1309 2274 contemptus
1335 2234 1453 2273 cogitat

211 2287 242 2317 2.
268 2284 396 2316 Pollens
422 2285 517 2317 claris
541 2283 703 2316 miraculis
952 2283 997 2314 Et
1020 2290 1138 2322 poenas
1163 2291 1270 2315 omnes
1294 2282 1425 2322 indagat

269 2331 397 2363 Cunctis
425 2332 564 2366 donabat
588 2331 714 2371 populis
999 2329 1204 2370 Tandemque
1252 2329 1368 2361 almum
1412 2338 1503 2369 prae-

315 2378 430 2411 Fidem
453 2388 563 2412 veram
586 2378 787 2411 servantibus
1279 2377 1379 2408 sulem

341 1800 388 1832 In
414 1801 445 1833 1.
471 1799 690 1840 Vesperis.

211 1964 241 1996 1.
269 1961 439 1996 Januarius
464 1963 605 1994 inolitam

268 2010 375 2042 Vitam
400 2018 524 2050 gerens,
552 2010 624 2041 dum
650 2009 793 2042 semitam

317 2057 436 2090 Christi
461 2058 544 2098 regis
569 2056 781 2097 prosequitur,

267 2105 364 2138 Urbis
389 2107 465 2137 tuno
488 2105 732 2137 Beneventanae

268 2153 385 2186 Sancte
408 2153 541 2184 muitum
566 2154 597 2183 et
620 2152 756 2183 humane

315 2200 439 2240 Dignus
464 2200 593 2240 praesul
620 2199 756 2239 eligitur.
