1652 2615
665 113 710 119 ’‘—
759 109 827 126 HOU
877 111 920 117 '‘—

144 190 182 221 V.
213 187 307 228 Cujus
329 188 442 219 mentis
467 188 565 219 aciem

263 234 373 266 Gratia
396 234 523 266 levabat

213 281 379 320 Despeetis
402 280 560 312 illecebris

259 328 352 360 Vitae
375 328 543 367 periturae.

276 467 320 498 In
345 468 375 498 2.
399 466 622 498 Nocturno.

354 558 548 593 Antiphonae.

159 617 189 650 1.
216 615 391 655 Cupiehant
419 615 580 655 conjugari

260 662 351 694 Illum
373 663 437 701 J‘am
463 662 703 698 adulescentem,

213 708 275 740 Sed
299 709 447 748 pudicam
468 708 647 740 conservari

264 754 395 786 Carnem
420 755 520 786 voluit
543 757 575 785 et
597 757 741 785 mentem.

162 813 192 843 2.
219 811 268 842 Ne
292 811 323 841 in
347 811 463 842 mundo
487 809 668 850 naufragari

263 856 303 888 Se
328 858 485 896 contingat
507 866 565 896 per
588 857 722 899 incauta,

220 904 335 935 Tectus
361 906 447 935 veste
469 903 606 943 regulam*

263 949 390 982 Portum
407 953 493 981 tenet
505 951 644 989 prudens
652 953 756 982 nauta.

163 1008 192 1039 3.
220 1006 312 1037 Velut
334 1005 443 1036 hortus
468 1006 519 1038 hic
540 1007 700 1037 conclusus

266 1051 407 1084 Omnium
431 1052 580 1083 virtutum
604 1051 697 1083 fiores

219 1097 342 1137 Sparsit
364 1098 396 1129 in
423 1106 596 1129 communes
621 1108 694 1130 usus

260 1144 426 1176 Hominum
452 1146 676 1176 transcendens
694 1154 758 1177 mo-

535 1199 596 1224 I'CS.

355 1272 559 1308 Responsoria.

162 1332 190 1362 1.
216 1329 322 1360 Aetati
348 1329 478 1361 vicinior

262 1375 332 1406 Jam
357 1376 560 1416 adulescenti,

216 1421 346 1459 Quando
377 1423 477 1453 carnis
500 1423 578 1454 vitia

217 1466 326 1498 Solent
349 1476 406 1507 per
429 1468 519 1499 initia

217 1513 353 1544 Occultis
377 1515 529 1546 meatibus

265 1562 423 1599 Irreptare
446 1562 551 1601 menti,

147 1606 185 1636 V.
215 1606 265 1636 Ab
288 1607 393 1637 amicis
418 1608 535 1638 intimis

261 1652 504 1693 Sollicitabatur,

217 1698 260 1731 Ut
286 1699 451 1731 conformis
475 1700 564 1732 fieret

262 1746 392 1778 Saeculo
416 1747 584 1786 praesenti.

159 1800 189 1832 2.
216 1799 340 1832 Nobilis
365 1810 403 1833 ex
427 1811 549 1843 genere,

263 1848 427 1880 Facultate
453 1850 550 1891 dives,

217 1893 266 1925 Ne
291 1895 372 1926 desit
396 1896 583 1936 haereditas,

216 1939 285 1971 Tua
306 1943 362 1973 sed
387 1943 554 1980 posteritas

216 1985 326 2025 Vigeat
351 1990 382 2018 et
404 1987 516 2021 floreat

261 2032 350 2064 Inter
375 2034 475 2065 claros
503 2035 595 2075 cives,

145 2079 184 2113 V.
212 2078 283 2111 Duc
305 2088 433 2111 uxorem
456 2080 593 2112 nobilem

260 2126 304 2157 Et
328 2126 384 2158 tibi
411 2128 582 2167 decentem,

219 2171 265 2204 Ut
288 2176 371 2204 tuam
396 2174 577 2214 progeniem

263 2220 402 2259 Longius
427 2221 560 2255 derives,

157 2276 189 2309 3.
217 2275 279 2307 Sed
306 2275 449 2308 Ubaldus
473 2277 536 2309 alio

261 2324 333 2356 Jam
358 2327 467 2363 raptus
492 2333 598 2357 amore

885 186 1051 217 Hominem
1082 189 1212 218 exuerat

885 232 930 264 Et
955 231 1112 264 Christum
1137 233 1286 264 induerat

884 278 1062 318 DespectiS,
1088 287 1169 317 quae
1191 279 1300 310 mundi
1325 280 1412 319 sunt,

936 325 983 359 Ut
1007 325 1132 357 foenum
1158 333 1226 356 cum
1252 323 1339 357 flore.

815 373 854 405 V.
884 371 1036 404 Dominus
1062 371 1242 403 haereditas

932 418 977 450 Et
1003 418 1202 456 illuminatio,

885 464 977 497 Salus
1003 464 1080 495 mihi
1104 463 1257 495 Dominus

931 512 1048 544 Factus
1073 511 1105 542 in
1132 511 1256 542 decore.

945 634 993 665 In
1019 635 1049 666 3.
1076 632 1304 665 Nocturno.

1025 706 1219 742 Antiphonae.

828 764 858 796 1.
883 763 1035 795 Fructum
1056 764 1122 802 jam
1145 764 1238 795 istius
1263 765 1392 803 plantae

932 810 1019 849 Papa
1046 811 1183 842 sentiens
1209 810 1339 842 odorem

885 857 922 889 In
943 856 1111 896 Eugubina
1133 861 1265 889 vacante

933 903 1016 950 §ede
1038 904 1146 942 posuit
1167 908 1339 944 pastorem.

830 961 860 992 2.
886 960 945 998 Qui
971 959 1043 990 dum
1069 963 1176 991 cautus
1202 960 1355 1002 vigilavit!

935 1005 1061 1037 Caulam
1086 1007 1189 1038 ovium
1212 1015 1338 1038 suarum

884 1052 1062 1092 Diligenter
1085 1054 1304 1092 praeservavit

930 1100 981 1130 Ab
1006 1100 1134 1131 incursu
1158 1100 1341 1132 bestiarum.

828 1156 859 1188 3.
885 1154 947 1186 Hic
971 1153 1125 1187 furentem
1151 1155 1355 1189 Fredericum

934 1202 1027 1233 Suam
1052 1202 1161 1233 urbem
1185 1202 1388 1242 impetentem

885 1247 997 1279 Mitem
1021 1247 1099 1281 fecit
1124 1251 1156 1280 et
1179 1251 1313 1281 amicum

931 1295 1126 1327 Benedicens
1151 1296 1186 1328 id
1209 1300 1399 1335 poscentem.

1023 1378 1228 1413 Responsoria.

829 1433 859 1464 1.
887 1433 982 1472 Quem
1008 1436 1055 1465 tot
1080 1435 1320 1468 charismatibus

932 1480 1075 1512 Christus
1098 1481 1281 1523 illustravit,

885 1526 1081 1566 Dignitatum
1104 1528 1206 1560 titulis

929 1571 1055 1605 Pariter
1081 1575 1194 1607 ditavit

884 1619 928 1651 Et
953 1621 1046 1660 elegit
1070 1621 1222 1654 Dominus

930 1665 1134 1699 Sacerdotem
1157 1668 1229 1702 sibi.

813 1712 853 1744 V.
885 1713 1066 1745 Sanctitatis
1093 1716 1161 1746 oleo

930 1760 1037 1799 Ipsum
1071 1764 1274 1802 consecravit,

881 1806 962 1845 Quot
984 1805 1076 1839 fulsit
1097 1809 1269 1852 miraculis,

931 1853 1001 1886 Non
1026 1857 1134 1894 posset
1160 1856 1306 1891 describi.

830 1909 860 1939 2.
886 1909 957 1940 Non
986 1909 1120 1943 humano
1146 1912 1251 1944 studio

934 1956 997 1988 Sed
1022 1966 1041 1988 a
1065 1961 1173 1990 sancto
1197 1957 1325 1991 fiamine

887 2001 974 2041 Papa
1000 2003 1110 2036 doctus
1136 2005 1278 2046 caelitus,

936 2048 1051 2082 Divino
1083 2051 1255 2090 spiramine

887 2094 1049 2127 Ubaldum
1074 2098 1256 2137 episcopum

933 2141 1135 2182 Eugubinum
1164 2143 1253 2184 fecit,

822 2187 858 2219 V.
886 2187 943 2225 Qui
972 2198 1030 2228 pro
1056 2198 1111 2221 suo
1135 2191 1253 2230 populo

937 2235 1085 2268 Mirando
1112 2238 1282 2270 certamine

888 2280 925 2312 In
950 2281 1045 2314 Josue
1070 2283 1194 2323 clippeo

933 2327 1049 2361 Hostes
1073 2330 1241 2369 pavefecit.
