1652 2615
734 143 988 178 —143—

282 232 416 264 Nostras
441 232 540 266 facies

329 279 463 319 rigando
488 281 640 315 lacrimiS.

210 325 247 356 V.
280 325 396 357 Oculus
420 330 528 358 noster
552 333 711 369 pungatur

280 372 407 403 Amoris
433 374 570 415 stimulo,

280 418 361 460 Heu,
387 422 490 452 mater
516 430 626 454 carens
652 426 796 465 contagio

281 465 359 496 Tam
388 467 473 499 dulci
498 469 644 507 privatur
668 470 743 505 filio.

403 541 449 568 Ad
467 543 647 578 Magnificat-

206 597 244 629 A.
277 595 374 636 Virgo
398 607 494 637 passa
517 599 583 632 filio

324 643 460 676 Poenam
489 647 595 678 cordis
619 649 750 691 indicat,

280 689 321 721 Se
344 691 447 729 plebis
471 693 504 724 in
531 695 634 725 medio

326 737 444 770 Contra
467 749 587 771 morem
612 742 765 784 publicat,

278 784 421 823 Urgente
445 787 602 826 supplicio

324 832 426 864 Voces
451 837 587 866 maestas
614 836 759 876 replicat,

275 878 364 916 Quae
386 881 543 919 quondam
568 891 647 921 prae
670 883 784 922 gaudio

327 926 451 959 Cecinit
474 928 670 969 Magnificat.

340 1058 369 1089 A
382 1059 401 1091 d
427 1059 690 1093 Matutinum.

404 1133 621 1162 Invitatorium.

280 1188 355 1220 Cum
381 1191 487 1222 Maria
509 1192 633 1232 virgine

320 1234 483 1269 ferventer
505 1238 676 1279 ploremus,

272 1283 309 1314 In
336 1284 505 1323 sepulchro
530 1286 666 1325 positum

316 1339 421 1371 regem
447 1332 625 1365 adoremus.

331 1453 376 1485 In
404 1455 434 1486 1.
464 1454 694 1490 Nocturno.

413 1528 609 1565 Antiphonae.

215 1584 244 1616 1.
272 1583 369 1616 Nulla
394 1587 483 1618 novit
506 1588 651 1627 genetrix

318 1634 479 1672 angustias
504 1637 567 1666 tam
595 1635 701 1673 duras,

272 1678 347 1710 Cum
374 1680 486 1720 plagas
512 1681 693 1720 adspiceret

319 1729 351 1756 et
376 1727 489 1766 capitis
515 1731 698 1767 puncturas.

216 1784 247 1814 2.
275 1782 455 1822 Desperata
481 1785 631 1825 creditur,

317 1838 398 1869 quae
424 1831 549 1871 culpam
575 1841 637 1864 non
657 1834 820 1874 commisit,

267 1876 426 1910 Inclinato
453 1879 558 1919 capite

317 1924 390 1956 dum
414 1926 562 1966 spiritum
589 1928 701 1959 emisit.

207 1981 237 2013 3.
264 1980 309 2012 Et
334 1990 402 2013 cum
428 1983 536 2022 plorat
558 1988 691 2016 mortem
708 1986 820 2027 prolis,

310 2038 402 2068 quem
429 2030 585 2063 crucifixit
609 2033 754 2074 populus,

264 2075 357 2109 Solus
384 2080 454 2111 erat
478 2080 659 2112 consolator

313 2125 380 2164 eJ'us
407 2129 512 2158 custos
539 2127 722 2167 discipulus.

403 2200 611 2237 Responsoria.

206 2256 238 2288 1.
266 2256 429 2289 Consolari

311 2306 413 2337 mater
437 2314 499 2337 non
524 2307 638 2347 potuit,

265 2349 319 2381 Sic
343 2352 477 2384 tractari

312 2398 435 2442 videns,
463 2409 552 2440 quem
578 2402 696 2443 genuit,

903 645 923 676 [0

890 2045 920 2078 1.

960 240 1029 272 Nec
1052 241 1203 273 minorem

1008 288 1146 319 dolorem
1171 287 1291 328 habuit,

961 334 1058 373 Quam
1083 335 1232 376 salvator,

1008 382 1060 421 qui
1084 384 1132 413 tot
1153 383 1309 423 sustinuit,

957 428 1093 460 Mortem
1120 430 1186 468 ejus

1008 484 1146 520 cernens,
1173 486 1262 516 quem
1289 478 1376 515 aluit,

958 521 1055 554 Nulla
1077 532 1210 563 unquam

1005 573 1107 601 mater
1132 571 1178 601 sic
1203 572 1313 604 doluit.

928 669 935 676 .
961 646 1045 676 Dum
1070 645 1157 677 videt
1182 647 1339 686 supplicia

1004 692 1114 723 mortis
1144 693 1307 733 exquisita,

957 738 1136 778 Torquetur
1163 741 1316 782 angustia,

1006 784 1081 816 fletu
1107 789 1155 817 est
1178 787 1297 827 attrita,

958 832 1119 864 Triduano
1144 834 1247 872 spatio

1006 879 1077 910 dum
1103 880 1268 919 langueret
1290 884 1344 922 ita,

957 925 1087 964 Squalet
1112 927 1178 965 eJus
1204 925 1301 958 facies

1003 981 1104 1011 nuper
1134 977 1198 1004 tam
1223 974 1333 1013 polita.

956 1018 1060 1050 Poena
1085 1020 1132 1051 sic
1156 1029 1347 1060 exasperans

1003 1075 1160 1105 nunquam
1188 1070 1236 1098 est
1257 1068 1375 1106 audita,

955 1111 1063 1152 Longe
1091 1113 1149 1144 sibi
1177 1115 1279 1145 carior

1003 1162 1072 1190 erat
1095 1169 1179 1191 mors
1205 1170 1296 1200 quam
1322 1162 1398 1195 vita.

920 1258 927 1265 .
955 1234 1077 1273 Regina
1101 1235 1354 1278 clementissima,

1001 1281 1089 1321 virgo
1114 1285 1216 1314 mater
1242 1282 1369 1324 Christi,

954 1327 1030 1360 Cum
1055 1329 1183 1360 videres
1208 1329 1306 1361 filium

998 1378 1100 1407 morte
1123 1377 1203 1408 mori
1228 1378 1324 1417 tristi,

951 1421 1023 1453 Non
1048 1423 1113 1454 suis
1138 1424 1311 1456 tortoribus

999 1470 1093 1501 anxia
1122 1469 1221 1512 fuisti,

952 1516 1013 1548 Sed
1040 1518 1193 1557 plangens
1219 1520 1250 1549 et
1273 1519 1444 1551 lacrimans

998 1566 1096 1595 temet
1116 1563 1270 1599 afflixisti.

948 1610 1063 1642 Manus
1087 1615 1237 1651 torquens
1262 1614 1380 1645 acriter

997 1659 1091 1690 anxia
1114 1657 1238 1701 flevisti,

951 1704 1015 1744 Nil,
1042 1706 1125 1744 quod
1152 1709 1236 1737 esset
1259 1706 1439 1746 reprobum,

997 1751 1128 1783 «ludaeis
1156 1753 1274 1785 dixisti.

1011 1894 1055 1925 In
1084 1894 1115 1927 1.
1142 1894 1369 1928 Nocturno.

1098 1978 1292 2014 Antiphonae.

948 2044 997 2076 Sit
1023 2048 1145 2077 tuarum
1171 2047 1384 2088 lacrimarum,

995 2102 1012 2124 ο
1036 2093 1151 2136 Maria,
1177 2095 1263 2127 rivus

946 2140 982 2171 In
1010 2141 1107 2172 corde
1130 2142 1259 2181 lapideo

991 2189 1144 2220 maeroris
1168 2190 1315 2221 motivus.

946 2263 1134 2297 Recolamus
1159 2265 1292 2304 virginis

992 2311 1150 2350 gloriosae
1174 2312 1289 2353 luctus,

944 2357 1028 2390 Dum
1054 2359 1086 2389 in
1113 2359 1232 2398 templo
1257 2359 1411 2391 Dominus

992 2406 1116 2438 vinctus
1142 2409 1226 2438 esset
1251 2406 1373 2443 ductus,
