1652 2615
175 1188 212 1219 V.

177 1484 213 1515 V.

192 2007 210 2037 Εὖ

191 2211 209 2238 :12

688 135 729 139 --
780 127 847 148 ’Διὶ-’Δ
896 133 941 140 --
961 141 967 144 -

243 217 351 249 Glaret
378 215 496 246 cunctis
520 213 569 244 vir
595 210 737 244 caelestis

287 263 352 295 Soli
375 262 442 293 Deo
468 260 602 298 deditus,

241 310 312 341 Non
337 311 442 341 lucere
465 307 565 339 nescit
589 306 654 337 dies

292 356 377 388 nulla
400 355 482 386 nube
506 353 635 384 obsitus.

243 421 408 461 Eroganda
433 427 511 459 quae
534 417 680 458 suscepit,

291 466 375 499 verbi
400 466 458 497 Dei
484 466 603 496 semina

244 515 321 546 Late
345 512 475 552 spargit,
501 520 612 550 sparsa
635 509 739 549 rigant

288 559 428 600 paradisi
451 557 588 590 fiumina.

381 641 583 675 Responsoria.

242 702 351 734 Stabat
374 700 474 739 imago
499 699 603 729 nitens

289 749 374 780 cultu
399 745 603 778 celeberrima
626 743 721 783 plebi,

246 795 340 828 Urbis
366 793 487 832 relligio

289 840 473 880 praesignis,
499 838 623 869 nominc
648 836 776 877 Phooln,

245 888 370 921 Corruit
395 887 429 917 in
453 893 604 925 praeceps

290 932 443 973 praesulis
467 933 522 963 illa
543 940 646 970 preco,

242 1001 395 1037 Monstra,
423 998 490 1030 dira
514 997 592 1033 lues,

291 1055 410 1086 Signum
434 1044 530 1076 letale
552 1042 709 1082 liquescit,

244 1093 361 1124 Hostili
386 1100 457 1122 casu

290 1138 417 1170 victoris
441 1136 541 1177 gloria
565 1135 688 1173 crescit,

243 1185 374 1216 Virtutis
400 1184 501 1223 carpit

292 1231 431 1270 praemia
453 1231 535 1261 livor
561 1230 651 1261 edax.

246 1296 413 1329 Pontifices
438 1296 582 1332 clamant,

291 1343 379 1382 plebs
406 1340 616 1373 debacchatur
638 1340 749 1379 inanis,

245 1390 298 1421 Ira
323 1389 480 1420 crudescit

292 1435 380 1466 furiis
407 1435 524 1474 agitata
546 1433 697 1473 profanis,

244 1483 434 1513 immeritum
462 1482 589 1513 damnat

291 1529 385 1560 noxia
407 1528 499 1559 turba
524 1530 624 1565 caput.

307 1650 350 1681 In
378 1650 407 1681 3.
435 1649 660 1680 Nocturno.

396 1732 589 1767 Antiphonae.

213 1825 219 1831 .
246 1800 297 1830 Ad
322 1808 446 1831 usuram
474 1800 546 1830 dum
572 1799 736 1831 commissa

295 1847 430 1878 traditur
451 1846 594 1885 pecunia,

248 1892 418 1931 Duplicata
448 1895 650 1931 reportantur

294 1939 404 1970 talenti
427 1939 620 1971 commercia.

216 2029 222 2036 .
248 2003 343 2035 Miles
369 2003 485 2037 Christi
509 2005 619 2043 quibus
646 2007 754 2038 certat.

293 2060 381 2082 arma
405 2054 478 2081 sunt
501 2050 635 2087 siderea,

248 2097 376 2129 §cutum
401 2096 492 2138 fides,
520 2107 625 2129 mucro
652 2098 790 2133 verbum„

296 2144 380 2175 salus
406 2147 453 2175 est
477 2153 534 2184 pro
559 2146 657 2184 galea.

214 2233 222 2241 .
248 2210 388 2250 Pugnam
412 2211 487 2253 agit,
513 2211 648 2249 palmam
672 2216 790 2249 sperat,

293 2261 437 2291 numerat
464 2258 632 2299 stipendia,

248 2303 324 2336 Post
347 2304 486 2337 laborem
512 2313 591 2344 quae
614 2307 753 2337 meretur

293 2351 370 2384 fidei
392 2351 536 2386 victon'a..

1039 206 1245 242 Responsoria.

879 299 885 306 .
913 273 982 305 Stat
1006 273 1134 313 praesul
1160 272 1275 303 virtute
1300 274 1422 310 potens,

959 328 1102 351 sermone
1126 319 1297 359 modestus,

911 367 1039 406 Excipit
1062 366 1207 397 incursus

959 416 991 444 et
1013 413 1115 453 plebis
1140 412 1273 444 sustinet
1297 414 1412 447 aestus,

911 460 1018 492 Nescit
1043 460 1075 490 in
1100 459 1243 490 adversis

959 507 1072 538 cedere
1099 515 1176 537 vera
1198 505 1288 538 fideS.

913 573 1040 605 Additis
1065 573 1174 611 poenis

956 620 989 651 in
1015 622 1139 659 portum
1164 618 1402 659 praecipitatur,

912 667 1056 706 Desuper
1077 665 1251 699 immittunt

959 714 1073 753 ignem.
1097 713 1153 744 sed
1180 712 1426 752 retrogradatu1·,

844 763 865 793 V
875 788 881 795 .
909 761 1107 798 Victorisque
1135 772 1144 790 z
1151 760 1225 798 mes,

858 1598 878 1627 [ξι

960 808 1013 847 qui
1037 806 1130 846 redit,
1156 806 1237 844 ignis
1262 805 1336 846 agit.

912 874 1080 905 Permanet
1102 871 1238 903 invictus

960 919 1110 959 populum
1120 918 1273 950 vincendo
1280 917 1460 957 malignum,

915 966 976 997 Pro
1001 965 1106 1006 gladio
1129 967 1254 1004 gestans

963 1011 1102 1043 crucifixi
1127 1011 1232 1043 nobile
1256 1011 1389 1052 signum,

880 1087 883 1090 .
915 1059 1019 1091 Gestit
1042 1067 1156 1097 praeeo
1183 1058 1284 1089 crucis

959 1115 1017 1145 pro
1044 1114 1136 1136 cruce
1160 1103 1245 1136 ferre
1271 1112 1403 1136 crucem.

1002 1239 1046 1270 111
1074 1237 1300 1268 Laudibus.

1063 1320 1256 1357 Antiphonae.

882 1415 887 1422 .
914 1389 995 1420 Dum
1022 1391 1169 1420 aeternae
1194 1388 1274 1419 viam
1302 1387 1386 1419 vitae

963 1437 1055 1468 docet
1078 1435 1127 1466 vir
1152 1435 1292 1477 eximius.

916 1483 1056 1515 Credunt
1081 1482 1139 1513 viri
1166 1483 1346 1515 consulares

961 1529 1083 1560 Leucus
1109 1532 1141 1560 et
1165 1528 1313 1561 Gordius.

884 1623 889 1628 .
916 1594 1009 1634 Signo
1036 1594 1136 1625 crucis
1163 1596 1252 1625 curat
1276 1603 1396 1636 aegros,

964 1641 1078 1681 effugat
1106 1641 1280 1680 daemonia,

916 1687 960 1718 Et
986 1688 1088 1727 imago
1113 1688 1281 1720 salvatoris

963 1734 1073 1766 salutis
1099 1735 1155 1766 dat
1178 1736 1328 1768 remedia.

883 1827 888 1832 .
917 1799 1026 1840 Friget
1050 1808 1147 1840 error,
1174 1799 1275 1832 fervet
1300 1800 1389 1841 fides,

963 1848 1036 1879 silet
1057 1847 1216 1887 idolatria,

918 1894 954 1925 In
979 1894 1100 1926 Dianae
1125 1894 1256 1927 formam
1282 1898 1404 1928 structa

967 1941 1084 1973 corruit
1106 1942 1262 1976 Artemia.

861 2024 866 2029 ›
886 2034 891 2040 .
918 2006 1112 2040 Benedicent
1136 2011 1258 2048 patrem
1282 2018 1386 2041 rerum

966 2055 1094 2096 eaelum,
1123 2059 1235 2096 terrae,
1261 2057 1371 2096 maria,

919 2101 956 2132 ln
982 2111 1040 2141 quo
1066 2102 1142 2134 vicit
1167 2103 1344 2136 Martianus

965 2157 1060 2188 aquas
1084 2154 1113 2180 et
1138 2150 1293 2183 incendia.

885 2240 892 2248 .
920 2214 1004 2246 Laus
1026 2217 1166 2256 jucunda
1189 2218 1342 2252 salvatori

965 2266 1091 2295 resonet
1114 2273 1172 2303 per
1196 2266 1331 2307 saecula,

919 2308 980 2339 Per
1004 2318 1096 2349 quem
1120 2309 1235 2341 florent
1255 2312 1408 2345 Martiani

964 2356 1120 2395 praesulis
1143 2356 1305 2392 miracula.
