1652 2615
374 205 454 236 Per
477 205 621 237 Horas,

398 287 444 315 Ad
461 288 598 315 Primam.

189 354 231 386 A.
268 352 400 384 Sanctus
425 354 550 393 sanguis
574 354 643 391 iste,

261 401 367 440 Quem,
394 400 529 439 Christe,

260 445 402 476 Nascens
428 455 466 477 ex
490 446 621 485 virgine.

259 492 297 523 In
323 492 388 530 eJus
414 493 512 523 oculis

259 537 385 569 Fudisti
407 546 466 578 pro
490 538 625 570 homine.

398 640 444 667 Ad
463 642 588 667 Sextam.

223 733 230 739 .
263 706 342 745 Spes
366 710 476 739 nostra

257 753 394 785 Vincens
419 757 505 786 ostra

258 799 390 839 Sanguis
415 801 485 832 rubi

254 846 354 878 Donis
377 846 433 879 ubi

306 892 440 926 Stillula.

264 1035 349 1059 ssrev.
368 1040 421 1059 ms.
441 1034 579 1060 Altaense
600 1041 675 1060 saec.
692 1031 735 1060 14.
750 1032 821 1059 01η]-
836 1033 988 1061 Monacen.
1002 1030 1085 1060 9628.
1099 1046 1136 1051 -—
1147 1032 1184 1059 In
1197 1031 1247 1058 der
1261 1034 1357 1059 ersten
1368 1031 1479 1066 Vesper

187 1071 227 1096 ist
246 1070 293 1096 dic
313 1067 335 1095 Α
357 1078 442 1104 πυρρι-
461 1071 593 1098 Psalmos
613 1070 780 1105 prosaisch3
802 1070 930 1098 dieselbe
950 1069 971 1096 Α
991 1070 1078 1098 kehn
1096 1079 1148 1097 zur
1165 1070 1239 1096 Tei-z
1258 1069 1373 1096 wieder.
1404 1069 1478 1095 Vom

187 1107 319 1142 Hymnus
344 1107 425 1142 giebt
449 1108 496 1134 die
516 1108 705 1135 Handsehrift
728 1116 784 1134 nur
809 1107 865 1135 «len
891 1109 1008 1143 Anfang
1033 1116 1083 1134 an:
1111 1108 1135 1135 O
1162 1107 1261 1142 lapsi
1287 1107 1388 1134 salus
1414 1105 1478 1133 ho-

187 1146 299 1171 minis.
343 1145 404 1171 Das
428 1146 632 1172 Invitatorium
658 1146 767 1172 lautet:
792 1145 952 1172 Adoremus
977 1154 1073 1181 regem
1098 1153 1248 1179 magnum3
1281 1143 1329 1171 die
1357 1143 1404 1169 ΑΑ
1429 1143 1480 1170 der

186 1184 282 1208 ersten
307 1182 365 1208 und
393 1184 527 1218 einzigen
551 1183 682 1209 Nectum
709 1183 786 1209 sicut
810 1183 842 1208 in
865 1183 939 1210 festo
964 1184 1091 1209 omnium
1117 1184 1291 1209 sanctorum.
1331 1182 1396 1208 Von
1422 1181 1477 1207 den

184 1220 248 1246 vier
269 1216 313 1244 ΒΗ
334 1220 372 1245 ist
392 1219 443 1246 das
463 1220 550 1247 dritte
570 1220 720 1255 prosaisch
740 1220 799 1246 und
818 1219 882 1247 hier
901 1220 1099 1255 fostgelassen.
1138 1220 1198 1246 Der
1216 1219 1350 1253 Hymnus
1371 1220 1403 1245 in
1422 1219 1478 1245 den

185 1256 315 1283 Laudes:
337 1256 460 1292 Signum
479 1258 573 1284 crucis
593 1258 734 1285 mirabile.

1074 204 1120 231 Ad
1138 203 1263 231 Nona-tn.

862 253 901 282 A.
934 253 981 283 Te
1001 252 1073 290 J'ure
1098 251 1202 282 cuncti

930 298 1012 330 Fide
1036 297 1147 335 functi,

978 344 1043 376 Ros
1066 342 1200 381 vivifice,

932 391 1100 429 Quaerunt,

931 437 989 477 Qui
1018 438 1159 473 ruerunt,

977 483 1023 514 Ut
1046 485 1221 520 resurgant,
1249 479 1349 511 effice.

991 558 1037 589 In
1063 559 1094 589 2.
1121 555 1338 595 Vesperis.

1049 612 1095 639 Ad
1113 610 1291 647 Magnificat.

933 661 957 693 Ο
983 663 1072 700 gutta
1094 659 1254 700 sanguinis

932 708 1024 740 Omni
1048 705 1271 747 prosequenda
1291 705 1396 747 laude,

930 755 1016 793 Quae
1041 754 1163 785 cladem
1187 752 1322 784 hominis

930 801 1042 833 Miseri
1074 801 1169 840 plena
1193 800 1310 830 virtute
1334 800 1475 838 repellis,

930 848 1013 879 Dum
1035 856 1074 879 ex
1103 856 1192 879 sacro
1211 846 1329 879 Chusti
1347 854 1479 885 corpore

976 903 1083 926 manas

930 942 1127 980 Cunctosque
1150 939 1314 979 languidos
1339 948 1440 971 sanas.

640 1425 667 1455 8.
699 1424 741 1454 De
763 1423 879 1455 Corona
900 1424 1021 1464 Spinea.

322 1525 368 1555 In
394 1524 425 1557 1.
452 1523 666 1561 Vesperis.

396 1578 588 1614 Antiphonae.

199 1627 230 1659 1.
257 1626 339 1658 Novi
364 1625 437 1658 festi
457 1626 572 1666 gaudio

302 1673 439 1705 Francia
462 1673 598 1712 nitescit,

254 1720 349 1760 Regis
373 1728 482 1761 regum
504 1720 597 1751 xenio

301 1767 402 1807 Regni
427 1768 521 1799 decus
547 1766 669 1798 crescit.

221 1847 228 1854 .
255 1823 362 1855 Omnis
386 1832 466 1855 zona
489 1822 546 1854 sub
571 1831 686 1853 corona

301 1870 322 1901 J
324 1878 378 1900 esu
403 1869 521 1902 Christi
545 1869 712 1908 clauditur,

255 1917 388 1948 Francis
413 1920 517 1948 tamen
542 1917 575 1947 in
600 1916 739 1946 solamen

302 1963 446 2001 Speciale
470 1963 614 1995 mittitur.

222 2045 229 2051 .
256 2019 380 2051 Sertum
406 2019 523 2051 Christi
551 2018 669 2050 deserit

300 2064 436 2097 Graecos
462 2068 494 2096 et
514 2064 687 2104 Hebraeos,

253 2112 294 2144 Se
314 2112 439 2144 Latinis
462 2112 576 2143 inserit

298 2158 342 2190 Et
365 2159 499 2190 honorat
524 2167 585 2189 eos.

221 2243 226 2249 .
254 2216 359 2249 Corda
383 2218 502 2255 pungat
526 2218 557 2245 et
582 2216 769 2253 compungat

301 2262 399 2302 Spina
422 2261 500 2293 flore
521 2261 694 2300 pulchrior,

254 2310 395 2342 Vernaus
418 2309 502 2349 apud
527 2307 645 2341 Christi
670 2309 765 2346 caput

302 2357 415 2389 Adhuc
440 2359 488 2388 est
509 2354 701 2395 flagrantior.

873 1524 902 1556 5.
928 1524 1006 1555 Pars
1033 1529 1167 1553 coronae
1189 1529 1247 1551 nos
1272 1520 1385 1552 ditavit

979 1569 1083 1601 Caroli
1107 1566 1315 1606 temporibus,

931 1616 1093 1648 Ludovico
1118 1614 1204 1645 Deus
1230 1612 1320 1653 favit,

973 1663 1088 1694 Totum
1111 1661 1249 1693 reddens
1274 1661 1429 1699 partibus.

892 1745 898 1752 .
929 1719 1150 1758 Triumphales

974 1767 1125 1798 virtutum
1147 1764 1233 1795 tituli

928 1814 969 1845 Vi
991 1813 1122 1844 subacta

974 1859 1116 1891 mortalis
1141 1857 1260 1889 stimuli

928 1907 992 1939 Sub
1018 1906 1142 1945 spineto

975 1953 1073 1984 divini
1099 1952 1208 1982 circuli

928 2000 994 2032 Nos
1020 2003 1171 2031 coronent

971 2047 1004 2077 in
1029 2045 1093 2077 fine
1116 2046 1243 2077 saeculi.

926 2093 997 2125 Nox
1023 2092 1095 2131 diei,

971 2140 1056 2172 vitae
1078 2148 1163 2170 mors
1187 2139 1291 2177 visita,

925 2187 1025 2227 Ligno
1051 2186 1134 2218 vitae

970 2234 1062 2272 spina
1086 2233 1277 2272 praeposita,

926 2281 1010 2313 Crux
1035 2280 1147 2311 honori

972 2329 1153 2360 restaurant
1177 2326 1316 2365 perdita.
