1652 2615
700 156 954 192 -250—

391 251 593 287 Responsoria.

224 333 231 341 .
258 310 295 341 In
319 317 393 349 agro
418 309 526 340 mundi
549 306 655 339 floruit

304 356 352 387 De
373 355 470 393 spinis
496 363 567 386 rosa
590 354 737 394 primula,

258 401 425 433 Novellum
448 401 536 432 sidus
562 401 675 432 claruit

304 448 438 480 Nostrae
463 448 624 480 doctrinae
649 447 767 488 regula,

255 496 338 533 Quae
363 494 505 525 claritate
529 495 651 533 generis

303 540 409 573 Clarus
434 541 554 580 sprevit,
579 541 714 578 divitias,

256 588 316 619 Pro
342 595 398 627 spe
421 587 504 618 beati
527 588 664 619 muneris

301 633 409 666 Carnis
434 634 523 665 trivit
548 634 693 673 delicias;

215 707 221 713 .
252 680 312 712 Pro
337 681 469 712 terrenis
495 681 642 712 caelestia

299 727 415 759 Mundi
439 727 599 759 declinans
621 727 727 759 lurida

255 774 328 805 Vult
356 773 492 806 Patricia
516 774 638 816 gaudia,

302 821 475 852 Mercatrix
498 820 581 852 facta
606 820 748 860 provida.

224 920 230 927 .
257 895 410 934 Sponsum
434 896 567 927 horrens
589 895 759 934 patricium

304 942 474 974 Conservat
499 942 692 982 pudicitiam,

255 989 366 1021 Carnis
390 989 469 1020 vitat
494 988 680 1020 connubium

298 1035 479 1066 Abhorrens
504 1036 741 1074 immunditiam,

255 1081 375 1120 Sponso
400 1085 547 1121 sponsata
573 1082 733 1122 virginum,

303 1129 348 1161 Ut
372 1131 527 1160 mereatur
552 1128 633 1159 adici

253 1173 352 1206 Ghoro
377 1177 554 1207 sanctorum
579 1176 733 1214 agminum

297 1221 386 1252 Haec
408 1230 503 1259 prece
525 1224 616 1260 rogat
638 1222 791 1261 supplici,

213 1291 220 1297 .
250 1267 296 1299 Ut
318 1268 359 1299 ad
384 1268 493 1299 salutis
518 1268 684 1299 terminum

297 1313 446 1353 Ducatur‚
473 1316 560 1354 rogat
585 1313 704 1346 famula

249 1360 365 1399 Regem
389 1363 565 1392 sanctorum
590 1361 765 1400 Dominum,

296 1407 424 1445 Absque
446 1406 566 1446 peccati
590 1409 720 1440 macula.

218 1503 224 1509 .
250 1482 288 1513 In
313 1481 512 1521 Parthenope
535 1483 685 1515 tumulum

294 1528 361 1560 Sibi
385 1529 553 1567 prophetat
577 1530 707 1572 advena,

250 1575 351 1606 Verbo
376 1578 552 1607 monstrans
576 1576 773 1618 miraculum,

292 1621 356 1660 Quo
382 1621 514 1660 quiescit
536 1622 691 1666 indigena,

244 1667 324 1699 Nam
350 1667 499 1699 edocente
523 1669 635 1707 spiritu

290 1714 379 1753 Quod
404 1715 491 1754 virgo
516 1716 770 1760 prophetaverat,

240 1761 332 1792 Vitae
356 1762 486 1793 sortitur
511 1762 595 1794 exitu

288 1808 325 1839 In
349 1809 428 1846 loco,
448 1818 539 1848 quem
561 1810 749 1851 signaverat,

202 1880 209 1888 .
240 1854 334 1895 Signo
357 1855 482 1895 signans
507 1857 699 1895 sepulturam

288 1902 421 1934 Parietis
444 1903 476 1934 in
502 1904 623 1944 angulo,

241 1949 278 1980 In
303 1958 363 1989 qua
389 1949 470 1980 dixit
492 1959 526 1982 se
550 1948 696 1995 futuram,

289 1995 406 2028 Locum
432 1997 598 2037 designans
623 1999 760 2031 modulo.

207 2094 214 2102 .
239 2070 288 2101 De
312 2071 395 2102 sicco
421 2072 507 2111 cujus
533 2081 664 2112 corpore

288 2118 346 2150 Vir
369 2118 526 2151 Romanus
551 2119 727 2161 intrepidus

238 2164 371 2198 Dentem
395 2167 494 2198 traxit
519 2176 586 2198 cum
611 2168 733 2209 robore,

283 2212 427 2244 Manavit
447 2214 575 2254 sanguis
598 2215 759 2257 limpidus,

239 2258 326 2297 Quod
351 2259 433 2291 vidit
457 2264 491 2292 ut
515 2261 564 2293 vir
587 2262 711 2302 nobilis,

285 2307 379 2339 Cadit
401 2308 443 2339 ad
467 2313 585 2341 terram
609 2319 746 2350 propere

236 2353 278 2385 Ut
305 2354 387 2393 lapis
411 2355 602 2388 insensibilis

286 2399 347 2432 Suo
372 2402 499 2440 punitus
524 2403 661 2446 scelere3

858 251 896 283 V.
926 252 1105 293 Integritati
1130 253 1284 293 pristinae

976 299 1032 330 Vir
1057 300 1225 331 semivivus
1252 299 1406 339 redditur,

929 345 989 377 Pro
1015 349 1210 378 contrectata
1232 346 1353 385 virgine

971 392 1105 424 Dolores
1129 392 1239 424 mortis
1263 392 1394 431 patitur.

983 495 1027 526 In
1055 496 1084 528 2.
1112 495 1338 527 Nocturno.

1065 568 1260 604 Antiphonae.

867 624 897 657 1.
924 625 1138 657 Dormitantes
1167 626 1199 657 in
1224 626 1284 657 hoc
1308 626 1423 658 mundo

925 672 1078 704 Vitiorum
1103 673 1134 703 in
1159 671 1327 713 profundo,

970 719 1008 751 In
1030 719 1122 758 hujus
1147 719 1221 751 salis
1247 721 1369 760 gurgite

924 765 973 797 Ne
997 774 1179 806 quassemur
1203 775 1223 797 a
1247 767 1340 799 ruina.

924 812 1077 844 Vitiorum
1101 813 1132 843 in
1158 813 1291 853 sentina,

969 859 1041 898 Tu,
1069 860 1256 899 Christe,
1283 869 1465 893 somnum

1247 907 1265 938 d
1276 907 1287 937 i
1296 916 1310 938 s
1322 917 1338 938 c
1346 917 1367 938 u
1376 910 1389 938 t
1398 916 1425 939 e.

888 985 895 992 .
921 960 972 992 Ex
996 961 1112 992 illustri
1136 963 1295 1002 prosapia,

920 1007 1016 1046 Quam
1043 1008 1203 1040 decoravit,
1227 1010 1338 1050 gratia,

968 1054 1100 1086 Ornavit
1121 1055 1203 1087 hanc
1226 1056 1395 1088 monilibus

919 1100 991 1131 Non
1016 1101 1115 1132 solum
1137 1111 1282 1142 sponsam
1299 1103 1463 1144 Dominus,

919 1147 965 1180 Ut
987 1146 1187 1180 manifestum
1212 1150 1357 1191 vidimus,

966 1193 1042 1225 Sed
1068 1195 1204 1236 signis
1230 1199 1269 1228 et
1284 1196 1463 1229 virtuti-

1241 1243 1260 1274 b
1270 1253 1291 1275 u
1299 1253 1324 1276 s.

861 1316 890 1327 ,.
919 1296 967 1327 Ne
991 1300 1134 1336 tepescat
1155 1298 1223 1329 laus
1249 1299 1283 1330 iu
1307 1308 1371 1338 ore,

918 1342 966 1374 Ne
991 1342 1156 1375 fraudetur
1180 1354 1252 1383 spes
1277 1346 1406 1389 honore,

963 1390 1030 1421 Nos
1054 1392 1108 1422 tuo
1131 1392 1230 1423 lactes
1254 1393 1362 1434 ubere,

918 1436 999 1467 Nam
1020 1437 1148 1469 laetaris
1175 1440 1207 1469 et
1231 1439 1341 1471 ditaris

919 1513 925 1519 ¹
958 1510 1030 1561 'T-u-
1060 1510 1346 1570 'septiformis'
1376 1513 1462 1566 ’τη-11,-

1237 1589 1344 1615 nere.

880 1656 888 1664 .
915 1632 1011 1664 Placa
1035 1642 1183 1673 sponsum
1200 1644 1319 1676 sponsa.
1332 1645 1460 1678 parens,

914 1678 1049 1712 Nostrae
1081 1682 1181 1713 noct-is
1207 1683 1301 1715 stella
1326 1685 1458 1724 clarens,

960 1726 1011 1758 Ne
1034 1727 1124 1759 nobis
1151 1729 1244 1760 detur
1268 1732 1420 1763 terminus

913 1773 1138 1807 Damnatorum
1163 1777 1337 1818 suppliciis,

913 1820 1020 1860 Ipsum
1044 1831 1179 1863 namque
1204 1826 1365 1863 spurcitiis

959 1868 1132 1901 Nostris
1164 1871 1289 1903 malis
1314 1871 1457 1905 offen-

1237 1919 1257 1950 d
1267 1919 1278 1950 i
1287 1929 1319 1951 m
1327 1930 1348 1952 u
1355 1928 1381 1952 S.

877 1997 884 2003 .
911 1972 1116 2005 Decertautes
1139 1975 1170 2006 in
1197 1983 1297 2015 agone

910 2019 960 2051 Ne
982 2020 1152 2059 perdamus
1174 2023 1227 2061 jus
1253 2031 1395 2065 coronae,

960 2067 1127 2099 Victricem
1154 2069 1236 2101 diem
1263 2071 1403 2112 colimus,

910 2113 1019 2146 Hostis
1046 2123 1105 2154 quo
1131 2117 1214 2148 vieto
1240 2117 1354 2150 robore

909 2160 1024 2194 Sancto
1047 2163 1181 2195 vestitur
1209 2165 1338 2204 podere,

955 2209 1117 2241 Mentes
1131 2214 1459 2252 manusquetol-

1233 2258 1244 2288 1
1254 2259 1304 2290 im
1314 2270 1334 2290 u
1343 2270 1368 2292 s.

875 2337 881 2343 .
908 2311 1010 2343 Melos
1036 2315 1129 2344 canat
1152 2314 1184 2345 in
1210 2314 1270 2345 hac
1296 2316 1347 2347 die

906 2357 1043 2390 Nostrae
1068 2359 1180 2390 chorus
1205 2359 1362 2394 Patriciae

956 2406 1040 2437 Voce
1064 2406 1237 2443 promendo
1263 2409 1385 2447 sapida,
