1652 2615
188 289 220 321 1.

189 861 221 893 2.

178 1235 218 1269 V.

193 1434 224 1465 3.

183 1807 219 1839 V.

374 244 581 277 Responsoria.

245 291 450 322 Orthodoxae

292 336 437 369 Donatus
460 336 537 368 fidei

247 382 400 415 Normam
425 391 555 416 servans

294 431 411 462 meruit
434 431 568 469 provehi

248 476 441 508 Sublimatus

294 524 336 556 ad
361 524 584 564 sacerdotium,

248 571 285 602 In
311 579 368 610 spe
393 569 505 602 fovens

296 625 412 656 operae
436 617 585 657 pretium,

249 663 420 697 Satiandus

298 711 337 742 de
361 719 471 742 mensa
495 709 596 741 fertili

246 758 402 790 Mundum
428 757 553 796 spernit

296 813 366 836 cum
389 803 469 836 flore
493 804 606 836 sterili.

245 859 352 891 Limes
376 862 464 892 artus

297 912 329 938 et
353 906 443 938 collis
467 907 586 938 arduus

249 954 294 986 Et
317 953 464 986 draconis

298 1003 403 1032 terror
426 1000 618 1039 praecipuus

249 1048 368 1087 Nequit
392 1047 494 1079 sancti

297 1097 433 1125 mentem
457 1094 632 1133 retrahere,

251 1142 304 1173 Ad
328 1141 520 1173 manendum

296 1192 433 1219 mentem
458 1186 640 1229 retrahere3

247 1235 353 1267 Draco
376 1235 483 1274 jussus

299 1281 382 1321 fugit
405 1289 425 1311 a
448 1280 565 1319 patria,

250 1329 370 1369 Fugam
397 1327 485 1366 cujus

297 1376 387 1407 novit
410 1373 577 1406 Durentia.

248 1432 287 1464 In
311 1430 458 1462 novellae

297 1478 373 1509 vitis
397 1476 573 1517 propagine

252 1524 368 1556 Botrus
393 1531 573 1563 praegnans

299 1571 379 1603 miro
403 1570 561 1610 genimine

251 1619 370 1650 Vinum
394 1617 480 1649 fudit

299 1666 332 1696 in
357 1664 561 1703 abundantia,

252 1712 299 1744 Ut
324 1712 502 1743 clarescant

300 1759 362 1790 Dei
386 1757 562 1797 magnalia3

249 1806 374 1838 Recens
398 1807 492 1845 potus

300 1852 429 1884 fecundi
455 1851 562 1882 calicis

253 1900 388 1933 Causam
412 1898 547 1938 praebet

301 1946 453 1979 credendi
484 1946 623 1978 rusticis.

315 2043 361 2075 1n
387 2043 419 2074 2.
447 2040 674 2072 Nocturno.

398 2110 467 2139 Anti
471 2110 596 2146 phonae.

218 2192 225 2199 .
253 2165 361 2204 Qualis
385 2165 419 2195 in
444 2171 551 2205 opere,

297 2212 398 2251 qualis
422 2210 457 2241 in
481 2210 630 2250 precibus

253 2259 406 2290 Praevius
431 2258 564 2297 exstitit,

300 2304 433 2345 sumptis
459 2305 625 2339 ordinibus

254 2352 368 2391 Quales
394 2352 511 2384 fuerint

302 2400 457 2440 singultus
480 2399 595 2440 intimi,

697 148 953 184 -205—

925 243 1090 276 Succincto
1117 240 1255 272 carmine

971 299 1033 321 non
1061 288 1147 321 valet
1171 286 1314 326 expiimi.

893 373 899 380 .
925 347 963 379 In
989 344 1125 378 diaconii

971 401 1044 424 mox
1067 399 1140 423 arce
1163 389 1295 430 positus,

927 439 1060 472 Carnem
1084 438 1125 469 ad
1150 445 1247 476 opera

973 485 1129 518 convertit
1151 484 1292 525 spiritus,

925 533 1086 564 Exercens
1111 531 1225 571 animo²

972 579 1055 619 quod
1080 578 1122 609 ad
1146 586 1213 609 rem
1237 576 1386 617 pertinet,

928 626 1025 664 Quem
1048 633 1111 657 non
1135 625 1176 655 ad
1200 624 1285 655 levia

974 671 1083 712 vagari
1107 671 1250 703 sustinet.

894 752 900 759 .
928 727 1050 759 Crescit
1073 732 1170 766 aetas,

975 775 1089 805 crescit
1111 773 1232 814 religio,

928 821 1137 853 Consecratur

972 868 1006 898 in
1030 866 1218 906 sacerdotio,

930 913 1138 947 Confecturus

973 960 1144 993 secundum
1169 960 1313 991 ordinem

928 1007 1128 1039 Dominicum

977 1062 1090 1093 corpus
1117 1056 1147 1084 et
1168 1053 1360 1092 sanguinem.

1065 1117 1272 1153 Rezponsoria.

896 1189 902 1197 .
929 1164 1069 1196 Uvarum
1095 1165 1214 1204 decipit

977 1215 1133 1252 agrestem
1158 1213 1281 1251 species

930 1258 975 1289 Et
999 1260 1094 1291 vexat
1115 1259 1244 1290 avidum

978 1307 1099 1338 ventris
1122 1306 1288 1345 ingluvieS,

932 1351 997 1385 Sed
1021 1353 1106 1384 botri
1129 1353 1280 1384 miserum

981 1403 1090 1439 gustus
1114 1402 1292 1441 exasperat,

933 1447 1044 1479 Donec
1067 1447 1117 1477 vir
1140 1446 1270 1478 Domini

980 1494 1167 1525 clamantem
1191 1494 1325 1533 liberat3

892 1566 898 1572 .
930 1541 1002 1573 Non
1027 1540 1127 1573 valuit
1152 1541 1276 1572 devium

979 1596 1106 1621 vomere
1130 1590 1185 1619 aut
1210 1588 1366 1628 deglutire
1397 1595 1485 1619 raee-

1255 1644 1349 1668 mum.

899 1705 907 1713 .
932 1681 1070 1722 Egregie

983 1729 1101 1760 ditatus
1127 1729 1212 1761 socio

933 1775 1113 1807 Florentini

981 1823 1097 1862 gaudet
1120 1823 1243 1862 solatio,

934 1870 1032 1909 Quem
1058 1869 1166 1902 divina

983 1916 1120 1956 perfecit
1142 1918 1247 1957 gratia

934 1964 1071 1996 Literali

983 2012 1110 2044 doctum
1134 2012 1287 2056 scientia3

895 2082 901 2088 .
933 2059 957 2092 O
984 2058 1086 2090 felicis

982 2108 1085 2138 virum
1110 2108 1291 2146 memoriae,

935 2154 1033 2193 Quem
1058 2154 1189 2194 spiritus

980 2203 1085 2241 replet
1107 2202 1269 2235 scientiae.

878 2260 909 2291 3.
936 2257 1112 2298 Refragata

982 2307 1069 2338 lucta
1097 2305 1272 2337 Leviathae

930 2353 1050 2385 Montis
1075 2354 1138 2384 iter

982 2400 1127 2432 mirando
1144 2399 1304 2432 schemate
